3136 5004
797 389 817 445 4

180 594 261 655 hunc
283 595 408 654 eundem
440 593 535 672 magis
557 594 742 673 eloquentiae
768 614 857 673 quarn
882 590 1078 653 accurationis
1100 590 1225 669 gloriam
1248 591 1427 668 quaesivisse

181 681 255 741 bene
283 689 384 742 monet
405 680 525 759 Kayser
552 680 584 740 10
605 680 789 759 praefatione
817 679 953 740 editionis
976 697 1048 738 suae
1069 676 1298 750 Cornificianae‚
1328 677 1427 756 eisque

173 767 330 827 -rhetorum
352 765 483 846 scriptis,
514 787 591 845 quae
613 766 788 846 Spengelius
811 775 840 826 et
861 765 1004 826 Halmius
1027 763 1223 842 collegerunt3
1257 763 1289 822 in
1320 764 1426 842 quibus

181 874 248 914 cum
272 853 333 914 alia
353 853 450 913 multa
464 853 550 931 parvi
572 853 658 932 pretii
681 861 758 925 sunt,
780 861 842 912 tum
859 853 993 912 Zonaeus
1011 859 1041 911 et
1055 851 1233 929 Anonymus
1248 851 1306 928 (ap.
1318 850 1426 929 Speng.

180 940 239 1000 III.
265 945 324 1002 161
350 959 412 1018 sqq.
437 944 499 1000 174
521 942 595 1018 sqq.)
616 939 785 999 Alexandri
813 939 890 999 libro
914 937 963 1016 (ib.
990 945 1004 998 1
1030 938 1103 1015 sqq.)
1126 936 1172 995 usi
1197 956 1260 996 csse
1282 937 1426 1011 videntur,

179 1027 358 1105 Anonymus
381 1033 479 1086 autem
502 1025 565 1104 ipse
587 1026 737 1086 Zonaeum
766 1045 826 1085 non
853 1045 1016 1103 numquam
1044 1023 1083 1083 ad
1112 1022 1236 1084 verbum
1265 1023 1426 1102 exscripsit

175 1112 284 1184 ¹Eiusd.
307 1112 476 1172 Alexandri
497 1111 607 1172 librum
629 1120 746 1172 secutus
769 1120 814 1172 est
826 1111 941 1190 Aquila
953 1111 1108 1170 Romanus
1123 1107 1238 1188 (Halm.
1256 1111 1317 1188 22),
1339 1131 1426 1189 quem

174 1219 281 1270 ,rursus
303 1199 472 1259 Martianus
494 1197 619 1277 Capella
648 1199 680 1258 in
707 1198 869 1277 figurarum
898 1197 1031 1258 doctrina
1062 1196 1112 1274 (ib.
1142 1201 1206 1258 478
1237 1198 1310 1274 sqq.)
1340 1217 1427 1276 saepe

182 1285 220 1345 ad
242 1285 366 1347 verbum
395 1285 534 1363 sequitur.
579 1285 737 1346 Praeterea
766 1283 920 1364 Tryphoni
953 1284 1011 1363 (ap.
1041 1283 1149 1361 Speng.
1179 1281 1237 1341 111.
1271 1288 1329 1344 191
1354 1285 1427 1362 sqq.)

181 1371 285 1432 affines
307 1380 377 1431 sunt
397 1371 503 1450 reliqui
524 1380 675 1451 troporum
698 1371 852 1450 scriptores
866 1370 1052 1448 Anonymus,
1076 1367 1236 1446 Gregorius
1249 1368 1426 1443 Corinthius,

180 1458 376 1530 Cocondrius‚
406 1457 551 1536 Georgius
582 1457 802 1519 Choeroboscus
833 1456 883 1536 (ib.
907 1461 967 1518 207
1001 1476 1063 1534 sqq.
1095 1460 1156 1516 215
1188 1475 1249 1533 sqq.
1274 1460 1336 1518 230
1364 1476 1425 1535 sqq.

172 1550 245 1606 ,244
268 1546 341 1624 sqq.)
371 1543 500 1623 itemque
529 1544 610 1623 apud
638 1543 798 1614 Halmium
820 1543 985 1622 complures
1017 1542 1147 1602 rhetores
1178 1560 1216 1600 ex
1239 1541 1426 1617 Quintiliano

172 1632 308 1710 pendere
327 1631 474 1703 videntur,
496 1651 587 1709 quam
609 1630 728 1709 quidem
741 1651 804 1690 rem
819 1649 879 1690 non
896 1628 971 1688 mihi
985 1628 1069 1688 licuit
1082 1627 1252 1705 diligentius
1267 1629 1426 1707 exquirere,

180 1718 264 1778 Beda
291 1726 390 1778 autem
419 1717 497 1778 Ven.
527 1716 653 1795 vestigia
683 1716 944 1795 grammaticorum
973 1714 1100 1787 Donati,
1130 1713 1271 1787 Charisii,
1302 1713 1426 1775 aliorum

181 1813 297 1865 secutus
320 1812 371 1864 est.
415 1803 623 1864 Recentiorum
646 1803 770 1863 adhibui
791 1802 845 1863 hos
867 1802 977 1863 libros:
995 1799 1184 1862 Volkmanni
1196 1801 1270 1874 „Die
1283 1801 1427 1861 Rhetorik

174 1891 233 1951 der
246 1890 392 1952 Crieohen
406 1890 469 1949 und
481 1890 608 1950 Rbmer“
620 1889 733 1970 (Leipz.
755 1890 858 1969 1874),
878 1888 969 1948 eiusd.
980 1888 1208 1966 Hermagoram,
1231 1886 1268 1948 G.
1288 1886 1426 1948 Cerberi:

175 1977 256 2051 „Die
285 1976 417 2056 Sprache
447 1975 492 2036 als
521 1976 641 2036 Kunst“
665 1975 799 2051 (Bromb.
825 1981 905 2038 1871
931 1984 961 2035 et
993 1975 1104 2054 1873),
1136 1973 1253 2033 Monsei
1283 1993 1427 2034 commen-

174 2064 323 2124 tationem
352 2073 381 2123 et
410 2063 645 2123 dissertationem
679 2061 819 2124 Veterum
841 2061 997 2123 rhetorum
1021 2061 1058 2122 dc
1080 2061 1300 2121 sententiarum
1314 2061 1427 2139 ¹tr'porr's

174 2150 322 2212 doctrino
337 2149 379 2227 (V
379 2149 551 2211 ratislaviae
573 2157 603 2209 et
616 2148 837 2226 Waldenburgi
862 2145 968 2229 1874),
990 2146 1116 2208 Dzialae
1143 2147 1427 2222 commentationem,

180 2257 257 2316 quae
278 2235 449 2296 inscribitur
471 2233 637 2297 litatorum
660 2236 857 2317 antiquorum
880 2226 1428 2312 1101911110(10011111011711110110110

138 2391 140 2395 ⁸
182 2323 291 2402 1869),
314 2322 492 2400 Kleutgenis
515 2322 545 2382 S.
573 2322 603 2384 J.
626 2322 732 2382 Artem
763 2321 879 2382 dicendi
902 2320 1035 2399 (Taurini
1068 2319 1179 2402 1876),
1209 2318 1324 2380 (1100011
1352 2320 1428 2392 ,,1)10

179 2410 296 2488 Tropen
327 2407 389 2467 und
411 2408 560 2486 Figuren“
589 2408 683 2487 (ΚὸΙο
716 2409 826 2488 1880),
849 2407 951 2468 Vossii
980 2406 1266 2468 Commentariorum
1293 2406 1427 2466 Rhetori-

182 2517 281 2557 corum
297 2494 364 2558 libr.
378 2495 427 2556 VI
441 2495 549 2574 (Lugd.
561 2495 628 2556 Bat.
655 2495 760 2578 1643).
799 2494 917 2572 Quibus
939 2502 1092 2573 praeterea
1114 2493 1153 2553 ad
1174 2493 1307 2571 singulas
1328 2485 1427 2572 partes

181 2582 350 2644 auctoribus
373 2602 443 2642 usus
466 2602 540 2656 sum,
563 2602 612 2642 eos
636 2602 688 2642 suo
710 2601 843 2661 quosque
863 2581 929 2640 loco
952 2580 1082 2640 afferam.
1118 2579 1178 2640 Sed
1193 2579 1253 2639 iam
1268 2579 1436 2659 separatim·

668 2823 732 2934 [te
770 2821 934 2960 tropis

180 3018 327 3098 agendum
350 3039 413 3079 esse
434 3019 559 3080 videtur.
603 3018 705 3097 Atque
726 3026 761 3077 ut
781 3025 845 3077 tota
866 3015 942 3076 ratio
964 3014 1081 3075 facilius
1103 3013 1305 3093 perspiciatur,
1328 3011 1430 3072 licebit

179 3106 296 3166 initium
325 3106 368 3165 rei
397 3105 644 3165 demonstrandae
673 3104 827 3183 aliquanto
857 3102 947 3163 altius
969 3109 1112 3180 repetere,
1143 3119 1233 3178 quam
1255 3098 1428 3178 plerumque

178 3193 241 3252 fieri
271 3192 352 3252 solet.
396 3192 502 3271 Neque
528 3191 607 3251 enim
637 3191 734 3250 solum
763 3191 790 3251 ei
819 3189 896 3268 tropi
926 3196 996 3249 sunt
1024 3187 1169 3260 habendi,
1199 3185 1250 3266 qui
1278 3184 1369 3263 vulgo
1396 3185 1428 3243 in

178 3279 328 3339 rhetorum
358 3287 387 3339 et
415 3273 678 3357 grammaticorum
705 3277 788 3337 libris
822 3283 1046 3347 enumerantur,
1085 3273 1135 3334 sed
1164 3271 1322 3351 Gerber¹¹)
1351 3279 1428 3331 recte

179 3365 297 3428 videtur
325 3384 458 3439 monere,
489 3365 590 3425 omnia
617 3364 710 3425 verba
739 3373 769 3424 et
797 3362 946 3425 vocabula
973 3381 1086 3433 rerum,
1117 3379 1193 3439 quae
1209 3359 1275 3419 iam
1297 3358 1366 3417 inde
1389 3357 1427 3417 ab

179 3453 263 3512 initio
284 3451 405 3530 linguae
426 3461 456 3512 et
476 3451 616 3530 loquendi
639 3471 701 3511 esse
723 3458 898 3529 coeperunt,
920 3458 1020 3527 tropos
1042 3467 1105 3507 esse
1126 3445 1284 3525 putandos.
1327 3445 1428 3523 Atque

178 3539 266 3599 huius
288 3539 411 3599 rationis
434 3559 525 3598 causa
546 3538 644 3617 posita
666 3557 729 3597 esse
750 3537 867 3598 videtur
889 3544 917 3596 et
940 3536 970 3594 in
992 3535 1059 3612 ipsa
1080 3531 1237 3594 verborum
1259 3540 1368 3591 natura
1399 3539 1429 3590 et

178 3627 211 3688 in
234 3625 322 3686 modo
344 3634 444 3685 nostro
466 3645 512 3686 res
535 3623 738 3703 cognoscendi.
774 3622 942 3685 Verborum
966 3621 1044 3681 enim
1067 3640 1102 3680 ea
1115 3618 1161 3680 vis
1183 3627 1228 3679 est
1245 3627 1275 3678 et
1287 3617 1428 3689 condicio,

180 3721 213 3772 ut
235 3712 321 3791 signa
343 3720 461 3772 tantum
484 3711 544 3772 sint
565 3731 667 3772 earum
689 3731 794 3782 rerum,
818 3729 892 3788 quas
914 3707 1062 3779 indicant,
1094 3726 1112 3765 a
1142 3705 1220 3765 notis
1249 3703 1428 3784 quibusdam

178 3799 268 3861 modo
289 3799 385 3877 magis
408 3798 495 3860 modo
517 3797 615 3858 minus
638 3797 763 3875 propriis
785 3795 920 3856 deducta.
961 3793 1081 3854 Natura
1103 3799 1203 3852 autem
1224 3790 1288 3864 fert,
1311 3800 1345 3850 ut
1366 3790 1428 3850 eius

180 3885 294 3964 generis
326 3886 412 3963 signa
440 3905 604 3964 numquam
626 3883 754 3962 perfecte
781 3891 834 3942 aut
856 3880 990 3942 absolute
1012 3879 1043 3938 id
1064 3886 1284 3957 repraesentare
1307 3877 1428 3955 possint,

180 3971 263 4032 cuius
286 3971 472 4049 significandi
494 3991 586 4031 causa
615 3969 809 4041 adhibentur;
844 3989 902 4048 quo
932 3967 974 4040 tit,
1003 3975 1038 4026 ut
1065 3965 1141 4025 ratio
1171 3963 1367 4045 synecdoches
1397 3963 1429 4020 in

180 4057 284 4136 lingua
306 4057 445 4119 universa
467 4057 611 4117 latissime
632 4064 742 4135 pateat.
774 4054 978 4134 Cognosccndi
992 4073 1080 4133 porro
1102 4071 1147 4112 res
1169 4052 1201 4111 in
1223 4049 1309 4110 nobis
1327 4070 1363 4110 ea
1385 4057 1430 4109 est

179 4145 263 4218 ratio,
286 4163 345 4203 non
368 4152 407 4212 ut,
423 4143 556 4222 protinus
580 4144 619 4204 ad
641 4143 737 4222 ipsam
760 4163 857 4203 rerum
879 4141 940 4203 vim
963 4149 993 4201 et
1014 4148 1153 4200 naturam
1168 4145 1353 4217 penetremus
1377 4143 1430 4196 aut

180 4231 277 4310 ipsum
300 4230 372 4309 quid
393 4232 424 4290 'et
445 4229 534 4308 quale
555 4230 684 4309 quidque
707 4229 745 4289 sit
763 4229 939 4302 intueamur,
955 4228 1006 4288 sed
1020 4236 1055 4287 ut
1072 4224 1218 4305 paulatim
1234 4230 1263 4284 et
1279 4223 1427 4301 gradatim

286 4403 315 4469 ¹¹)
334 4404 387 4456 vol.
406 4404 426 4452 1.
445 4419 504 4468 pag.
524 4405 581 4453 333.
