3138 5004
824 393 883 450 102

230 604 271 662 27
294 597 381 660 lectio
403 596 606 658 Diudorfiana
627 604 672 657 est
692 592 726 659 δι’
745 631 784 641 -
808 591 850 660 ιδ
872 590 931 672 μὲν
954 585 1034 658 deta
1058 594 1187 658 σιωπῶ·
1210 595 1262 656 sed
1284 595 1309 656 si
1331 596 1470 675 sequimur

226 685 359 765 optimae
381 693 470 745 notae
492 682 637 755 codicem,
660 682 712 762 qui
733 681 833 742 littera
855 686 883 744 Σ
902 681 1027 742 indicari
1049 680 1131 754 solet,
1154 681 1318 761 simplicem
1340 683 1469 762 prseteri-

229 773 341 834 tionem
363 770 517 831 habemus.
562 768 673 830 Similis
696 777 740 830 est
761 769 837 852 ratio
859 768 946 829 huius
969 767 1027 829 luci
1047 767 1143 840 XVI,
1176 774 1214 831 18
1245 759 1302 833 ἀλλ
1325 803 1366 814 ·-
1389 758 1468 832 idon

229 849 268 922 τό
290 850 316 938 γ’
340 848 486 922 ἐπελθὸν
509 851 613 919 εἰπεῖν
635 875 705 933 μοι·
728 875 799 915 nam
822 855 911 915 etism
934 853 982 915 hic
1004 854 1239 934 interpunctione
1260 863 1376 916 mutata
1396 875 1471 934 prae-

226 944 326 1006 teritio
349 942 458 1005 evadit.
504 942 564 1002 His
587 940 692 1003 leviter
712 941 873 1020 perstrictis
895 941 1034 1020 sequitur,
1058 950 1092 1002 ut

691 1182 741 1274 De
771 1184 1022 1300 praetentione

228 1374 380 1454 agendmn
409 1391 473 1436 esse
501 1375 648 1440 videatur.
699 1376 818 1438 Nomen
845 1376 901 1439 hoc
929 1377 1031 1439 inveni
1060 1397 1106 1456 ap.
1129 1374 1231 1456 Aquil.
1259 1375 1302 1435 H.
1327 1379 1388 1449 24,
1419 1394 1473 1434 rem

228 1460 386 1534 Gemite,
411 1466 461 1536 27,
485 1466 523 1524 37
549 1462 595 1524 his
611 1462 709 1524 verbis
732 1463 877 1543 cxphcat:
903 1461 1083 1537 occultatio,
1106 1463 1131 1524 si
1146 1461 1316 1542 Spaldingii
1331 1461 1474 1540 sequimur

227 1547 437 1622 coniecturam,
460 1548 630 1630 occupatio,
652 1548 678 1609 si
690 1550 825 1612 codicum
836 1549 960 1611 nitimur
977 1550 1159 1622 auctoritate,
1184 1559 1235 1622 est,
1260 1569 1330 1610 cum
1343 1543 1475 1608 decimus

228 1653 290 1704 ,nes
315 1633 500 1715 praeterire
532 1644 588 1694 aut
619 1632 705 1694 nolle
737 1632 868 1708 dicere,
893 1627 980 1718 quod
1009 1657 1093 1696 nunc
1114 1635 1254 1697 enectine
1277 1630 1417 1695 dicimus
1428 1631 1474 1711 ⁷⁸).

228 1720 262 1780 A
284 1719 407 1782 Graecis
428 1719 577 1800 plerisque
597 1721 686 1783 Alex.
710 1727 759 1797 23,
782 1722 894 1784 Phoeb.
915 1728 965 1797 51,
987 1722 1084 1784 Tiber.
1107 1728 1149 1786 60
1175 1722 1305 1801 itemque
1328 1741 1347 1780 a
1369 1719 1475 1782 Charis.

229 1807 272 1868 K.
295 1807 326 1880 I,
358 1811 421 1872 284
451 1795 656 1893 nequiterque
685 1808 868 1888 appellatur,
900 1809 991 1875 aPs.
1013 1809 1114 1870 Rufin.
1136 1808 1180 1872 H.
1205 1813 1245 1871 62
1276 1800 1475 1894 δνιίφρασις,

230 1913 252 1953 a
272 1892 366 1958 Rutil.
389 1893 431 1954 H.
457 1899 497 1956 18
519 1889 790 1976 nanuotu'rtqore,
813 1895 853 1957 ab
875 1895 988 1956 Herod.
1012 1901 1053 1959 98
1074 1887 1261 1975 δσιεισμίις,
1284 1893 1316 1953 in
1331 1913 1425 1956 carm.
1445 1892 1476 1952 dc

228 1979 301 2058 figg.
322 1978 366 2042 H.
392 1985 432 2042 69
455 1969 650 2067 ὑπερβατόν.
702 1981 812 2044 Cernis.
842 2003 908 2043 eam
939 1981 1139 2043 adhibendam
1166 2002 1229 2043 esse
1254 1980 1422 2053 existimat,
1450 1977 1478 2038 si

233 2073 293 2125 aut
314 2061 360 2124 od
382 2086 450 2128 rem
474 2086 538 2125 non
555 2067 694 2148 pertinet
702 2065 838 2148 pionius
851 2064 1023 2144 ostendere,
1047 2064 1133 2151 quod
1145 2065 1263 2130 occulte
1276 2063 1475 2128 admonuisse

224 2147 373 2232 prodest,
398 2163 454 2212 cut
476 2150 511 2212 si
534 2149 662 2237 tanqum
686 2163 733 2214 est
756 2165 811 2215 uut
833 2152 968 2239 s'qncdile
990 2163 1047 2217 aut
1060 2152 1200 2237 pinnum
1221 2173 1284 2216 non
1296 2150 1479 2234 potestfleri

229 2247 289 2297 eut
303 2235 405 2318 facile
425 2236 746 2320 potestrepreitendi5
770 2251 805 2301 ut
821 2238 936 2305 utilius
947 2241 991 2304 sit
1004 2238 1247 2318 occuitefeeisse
1258 2238 1475 2320 suspicionem,

234 2344 332 2404 quem
355 2324 426 2386 eius
449 2320 540 2387 modi
560 2323 733 2387 intendisse
756 2329 940 2403 orationem,
964 2348 1047 2410 quae
1069 2324 1294 2410 eedaryuutur.
1339 2325 1476 2402 Hermcg.

233 2410 283 2490 Sp.
295 2412 337 2485 Π,
361 2415 424 2473 374
447 2411 578 2473 exhibet:
602 2404 685 2476 πσλιί
706 2405 744 2478 νδ
767 2407 963 2494 α’ξιδπισισν
979 2406 1037 2480 διδ
1059 2405 1115 2498 τὴν
1128 2408 1477 2498 ἐμφαινομένηνέπιεί-

233 2518 325 2560 κειαν
348 2495 384 2560 αἱ
408 2519 443 2562 π.
469 2492 588 2576 ἔχουσι.
633 2497 711 2560 Mihi
732 2501 853 2580 quidem
875 2521 909 2562 eo
930 2501 1117 2581 potissimum
1137 2499 1260 2561 consilio
1283 2499 1474 2559 oratoreshac

228 2583 276 2644 uti
296 2584 344 2664 fig.
356 2583 503 2658 videntur,
526 2591 681 2660 uteorum,
704 2588 755 2666 qui
768 2588 905 2660 audiunt,
928 2587 1109 2667 exspectatio
1122 2586 1215 2660 adea,
1237 2605 1314 2665 quae
1326 2593 1473 2665 sequentur

232 2707 273 2717 -
295 2689 368 2730 nam
395 2671 453 2732 nisi
485 2671 517 2730 iu
545 2671 770 2734 transitionibus
800 2673 861 2734 fere
882 2694 943 2734 non
973 2673 1130 2734 adhibetur
1152 2709 1194 2717 —
1216 2693 1307 2752 quam
1330 2673 1476 2734 vehemen-

227 2757 343 2818 tissime
372 2756 602 2838 intendaturw).
658 2759 743 2820 Idem
773 2760 916 2839 Hermog.
947 2759 967 2822 l.
995 2780 1019 2821 c.
1051 2781 1128 2822 unus
1162 2759 1237 2820 duas
1267 2757 1476 2838 praeteritionis

228 2843 343 2922 species
364 2843 463 2923 pouit:
494 2835 596 2932 ἢγᾶρ
624 2835 776 2930 δίντικρυς
798 2843 1021 2929 παραλείπει,
1052 2836 1199 2931 ἧείπιδν
1228 2837 1320 2910 οὐδὲν
1350 2842 1478 2930 προστί-

230 2935 344 3013 θησιν,
366 2927 570 2993 ἐνδείκνυται
602 2927 638 2994 δὲ
666 2923 764 3005 μόνον
791 2929 848 2994 καί
878 2923 992 3017 ὥσπερ
1014 2925 1089 2997 τινα
1112 2921 1302 3016 πρόσληψιν
1326 2927 1479 3016 depietae

231 3019 378 3080 ποιεῖται
401 3016 522 3098 (citatur
544 3019 628 3080 Dem.
650 3019 782 3093 XVHI,
806 3021 887 3098 131),
912 3009 933 3104 ἢ
961 3018 1002 3105 τῇ
1032 3010 1171 3101 μεθόδῳ
1200 3007 1283 3102 μόνῃ
1306 3016 1426 3100 χρῆται
1446 3016 1480 3098 τῇ

228 3101 484 3188 ,παραλειπιικῇ,
506 3096 547 3167 ιδ
571 3093 749 3188 πράγματα
773 3102 808 3168 δὲ
831 3102 925 3170 οὐδὲν
948 3096 1041 3189 ἦνισν
1064 3105 1145 3190 λέγει
1161 3103 1262 3187 (Dem.
1278 3103 1407 3178 XVHI,
1424 3109 1480 3166 268

229 3186 375 3268 adhibet).
419 3188 520 3268 Atque
541 3190 655 3252 multae
675 3191 892 3271 praeteritionis
914 3191 1060 3254 formulae
1082 3191 1183 3253 erebro
1205 3212 1263 3253 usu
1283 3191 1345 3252 iam
1367 3211 1480 3251 omnem

224 3273 415 3354 figurationis
438 3274 625 3356 splendorem
647 3277 824 3353 amiserunt,
854 3288 889 3339 ut
909 3270 952 3342 soi
973 3275 1033 3358 μὲν
1055 3269 1138 3343 itta
1157 3276 1293 3356 σιωπῶ,
1323 3274 1425 3342 πολλ’
1447 3269 1480 3340 δν

232 3355 315 3440 ἔχων
338 3357 450 3437 εἰπεῖν,
472 3353 514 3425 ιδ
537 3358 595 3441 μὲν
619 3354 698 3428 tna
720 3354 820 3441 ἐάσω,
843 3361 890 3428 ἐῶ
912 3355 1032 3441 τᾶλλα,
1054 3357 1096 3430 ιδ
1117 3359 1177 3445 μὲν
1199 3356 1306 3429 πόλλα
1328 3355 1479 3449 παρήσω.

231 3440 379 3520 πολλοὺς
400 3437 440 3511 δν
461 3444 590 3534 ἑτέρους
615 3443 709 3530 ε”χσμι
730 3447 839 3535 λέγειν,
858 3473 890 3514 τι
914 3452 963 3516 δεῖ
976 3447 1084 3515 πλείω
1108 3448 1223 3534 λέγειν;
1248 3450 1295 3532 (cf.
1309 3451 1349 3514 D.
1363 3449 1480 3520 XLIII,

233 3537 295 3613 68),
318 3531 352 3596 ιί
375 3535 426 3598 δεῖ
447 3529 488 3599 ιδ
511 3529 623 3600 πολλοὶ
648 3533 767 3620 λέγειν,
795 3535 829 3601 ιί
857 3540 907 3602 δεῖ
935 3531 1012 3610 eois·
1034 3529 1148 3610 ἄλλους
1169 3535 1283 3622 ie'yetm
1313 3537 1403 3618 plura
1425 3555 1481 3597 unu

227 3620 305 3696 dico,
328 3641 389 3682 non
411 3621 512 3682 omnia
533 3621 646 3697 dicam,
674 3632 708 3685 ut
734 3624 832 3685 media
854 3633 1036 3704 praeteream
1059 3623 1125 3704 (Ph.
1147 3624 1228 3698 XII,
1254 3628 1323 3700 12),
1346 3622 1405 3688 ἵνα
1428 3615 1481 3687 miv

231 3704 321 3790 μέσῳ
334 3705 533 3794 παραλείπω
546 3708 596 3788 (Ι).
607 3709 732 3784 XVHI,
746 3711 830 3791 215),
853 3732 874 3771 u
897 3719 999 3774 vetera
1010 3710 1137 3783 mittam,
1159 3719 1193 3773 ut
1205 3709 1293 3791 plura
1306 3731 1367 3772 non
1377 3710 1480 3781 dicam,

228 3802 265 3854 nt
286 3793 360 3855 haec
382 3794 474 3856 missa
495 3794 618 3869 faciam,
650 3796 726 3856 nihil
748 3796 846 3859 dicam
869 3796 906 3859 de
928 3797 1046 3871 ceteris,
1069 3797 1142 3877 quid
1163 3805 1260 3858 cetera
1281 3806 1429 3876 repetam,
1452 3804 1481 3854 ut

234 3878 295 3941 aha
316 3880 466 3957 ominem,
497 3881 570 3961 quid
599 3881 688 3962 plura
716 3886 969 3945 commemorem?
999 3892 1053 3945 etc.
1098 3883 1200 3946 Etiam
1228 3883 1303 3944 haec
1334 3884 1408 3945 satis
1429 3881 1481 3942 fre

228 3973 355 4044 quanter
384 3977 556 4029 occurrrmt:
589 3968 629 4030 V.
654 3974 688 4044 2,
721 3975 760 4034 23
792 3965 874 4052 quid
900 3968 1052 4052 Poinpeii
1079 3969 1296 4032 testemonium
1329 3969 1481 4032 recitem?

229 4051 304 4114 Vat.
329 4057 369 4114 26
402 4051 487 4134 quid
517 4051 556 4114 de
588 4075 635 4115 me
668 4057 815 4138 querar?
845 4055 886 4119 ib.
913 4061 951 4120 13
975 4052 1059 4138 quid
1092 4066 1120 4116 te
1143 4053 1182 4116 de
1205 4053 1246 4116 H.
1267 4052 1403 4140 sieyitiis
1436 4053 1480 4113 in·

231 4139 410 4222 terropem?
432 4139 472 4218 V.
497 4145 524 4213 2,
550 4145 610 4204 119
635 4137 674 4202 de
697 4161 761 4222 quo
784 4141 922 4203 crimine
945 4137 1026 4223 quid
1048 4138 1211 4224 disputem
1225 4139 1364 4226 —quid
1386 4161 1481 4225 eryn-

336 4347 369 4406 ἲ8)
388 4348 421 4396 ct.
441 4348 541 4398 Mense.
560 4350 601 4412 34,
620 4302 728 4412 ΚΙαιιίς.
749 4352 790 4413 74,
810 4333 902 4398 (ἰιοιιε.ι
918 4351 984 4413 202,
1004 4348 1083 4399 Gerb.
1103 4349 1156 4414 11,
1176 4349 1209 4398 38
1228 4364 1283 4412 sqq.
1303 4349 1419 4398 Demetr.
1438 4347 1480 4411 Sp.

231 4417 280 4479 III,
301 4420 359 4468 318.
398 4416 429 4484 ⁷⁸)
449 4418 483 4468 et.
502 4416 615 4466 Seuffcrt
633 4416 720 4467 Schol.
740 4417 798 4478 Lat.
818 4419 844 4482 Ι,
859 4418 899 4467 79.
1010 4471 1014 4478 ,
