3136 5004
178 580 387 641 Demosthenis
418 580 619 660 eloquentiam
650 580 885 642 aCiceroniana
913 603 974 642 non
995 585 1090 662 gradu
1113 585 1223 660 solum,
1246 587 1298 646 sed
1320 609 1426 666 genere

179 666 294 727 differre
315 666 399 728 vult?
438 667 545 746 Itaque
574 687 634 726 non
664 665 783 740 dubito,
812 668 885 747 quin
906 668 980 729 haec
1009 691 1054 731 res
1078 681 1217 733 accurata
1238 682 1268 734 et
1289 673 1424 754 diligenti

178 753 367 832 inquisitione
388 753 562 832 dignissima
584 753 630 814 sit.
674 753 779 833 Neque
808 762 909 815 tamen
938 776 992 834 ego
1022 766 1075 818 aut
1095 758 1280 820 Jenischium
1310 781 1424 841 sequar,

179 840 230 919 qui
250 839 427 918 gravissima
449 848 478 900 et
499 839 632 900 maxima
653 859 788 919 quaeque
810 841 1017 902 adumbranda
1038 843 1126 922 elegit
1148 853 1236 924 atque
1254 847 1422 908 universam

178 926 265 986 huius
295 925 337 986 rei
365 927 510 986 rationem
539 925 642 1005 primis
664 924 748 987 velut
769 925 854 987 lineis
877 927 1057 1006 designavit,
1089 939 1142 991 aut
1168 931 1247 992 hanc
1268 933 1422 994 materiam

178 1033 231 1091 per
259 1032 360 1072 omnes
389 1012 469 1072 locos
499 1021 529 1073 et
556 1021 655 1091 partes
683 1013 819 1092 persequi
847 1013 878 1072 in
902 1015 1001 1074 animo
1023 1024 1082 1089 est,
1105 1017 1156 1076 sed
1178 1018 1296 1097 qualem
1319 1019 1350 1079 in
1373 1020 1423 1080 ad-

178 1098 314 1160 hibendis
336 1107 366 1159 et
387 1098 479 1178 tropis
501 1107 531 1159 et
551 1099 652 1178 figuris
674 1099 820 1159 rationem
842 1100 934 1160 secuti
957 1100 1016 1161 sint
1028 1105 1274 1181 praestantissimi
1288 1105 1333 1164 illi
1347 1107 1425 1166 inter

178 1193 290 1246 veteres
320 1193 349 1246 et
379 1185 496 1244 dicendi
529 1194 558 1246 et
588 1185 735 1246 scribendi
765 1195 828 1245 arte
858 1195 1003 1262 oratores,
1035 1188 1138 1249 docere
1165 1198 1195 1250 et
1223 1191 1424 1253 demonstrare

178 1271 324 1348 conabor„
353 1271 545 1350 Quamquam
564 1280 663 1332 autem
685 1271 822 1333 universe
835 1292 922 1332 nemo
936 1273 1066 1353 negabit,
1089 1285 1258 1336 accuratam
1275 1278 1422 1339 Ciceronis

178 1366 208 1418 et
236 1357 445 1418 Demosthenis
475 1358 725 1437 comparationem
755 1358 885 1418 maxime
913 1380 976 1420 esse
1010 1361 1189 1439 optandam,
1222 1372 1323 1424 tamen
1353 1365 1424 1425 huic

178 1443 418 1504 commentationi
440 1464 523 1504 meae
545 1443 647 1523 aliqua
668 1443 855 1530 praefaturus
877 1453 907 1505 et
931 1446 1075 1507 rationem
1102 1449 1216 1509 consilii
1245 1450 1424 1529 probaturus

177 1551 238 1589 non
260 1530 411 1592 levissima
432 1530 506 1590 mihi
527 1531 621 1609 premi
643 1531 745 1593 videor
771 1530 946 1592 difficultate
967 1542 1137 1612 propterea,
1160 1536 1239 1614 quod
1261 1535 1339 1597 hanc
1360 1558 1422 1598 rem

177 1617 257 1677 haud
281 1617 383 1696 magni
404 1617 547 1696 plurimos
570 1637 632 1677 esse
653 1616 832 1678 iudicaturos
855 1618 963 1692 sentio;
988 1639 1023 1679 ac
1044 1640 1081 1679 ne
1103 1621 1272 1683 Jenischius
1295 1623 1422 1702 quidem,

178 1704 214 1764 de
236 1724 294 1783 quo
316 1703 407 1782 paulo
430 1711 499 1763 ante
522 1703 592 1776 dixi,
615 1723 681 1763 eam
704 1724 812 1782 magno
835 1724 922 1783 opere
944 1726 1046 1765 curare
1068 1707 1141 1765 mihi
1162 1707 1280 1768 videtur
1289 1708 1321 1788 ³).
1358 1710 1422 1771 Nec

176 1790 292 1865 mirum,
316 1811 383 1850 cum
405 1810 492 1850 nemo
513 1789 675 1868 negaverit,
698 1789 807 1850 multos
830 1799 959 1852 oratores
982 1813 1050 1852 cum
1071 1792 1261 1870 gravissimos
1284 1803 1313 1856 et
1327 1796 1422 1875 copio-

177 1877 307 1949 sissimos
329 1885 393 1936 tum
416 1876 606 1938 suavissimos
629 1876 757 1936 evasisse
779 1876 843 1937 sine
864 1876 928 1937 ulla
949 1877 1037 1938 huius
1052 1879 1094 1939 rei
1108 1880 1222 1941 ratione
1237 1889 1266 1942 et
1280 1882 1421 1943 doctrina.

176 1963 266 2036 Nam,
289 1972 323 2024 ut
344 1962 492 2023 Ciceronis
514 1963 612 2024 verbis
634 1971 716 2036 utar,
746 1963 812 2041 ipsa
840 1971 949 2024 natura
969 1963 1025 2024 hoc
1046 1965 1255 2028 incredibiliter
1276 1968 1424 2030 fabricata

176 2058 235 2122 est,
267 2057 301 2109 ut
330 2070 381 2122 ea,
413 2069 489 2128 quae
517 2049 682 2110 maximam
711 2048 870 2110 utilitatem
898 2049 1059 2129 plurimum
1083 2052 1186 2112 eadem
1208 2053 1352 2114 haberent
1373 2055 1421 2117 vel

175 2135 329 2214 dignitatis
361 2136 409 2198 vel
440 2156 528 2214 saepe
558 2136 648 2196 etiam
680 2136 853 2198 venustatis.
905 2137 1001 2212 Quid,
1031 2138 1110 2216 quod
1144 2138 1196 2199 alii
1226 2148 1259 2200 ut
1290 2140 1421 2221 plerique

175 2231 303 2283 oratores
325 2221 436 2295 Attici,
474 2222 525 2300 qui
553 2222 673 2282 fuerunt
710 2230 780 2283 ante
808 2222 1092 2297 Demosthenenem,
1129 2225 1289 2286 admodum
1318 2227 1421 2306 paucis

173 2308 261 2372 huius
290 2309 405 2387 generis
431 2309 612 2369 ornamentis
640 2308 780 2368 adhibitis
810 2309 876 2388 ipsa
897 2330 994 2370 rerum
1016 2311 1220 2389 magnitudine
1243 2321 1272 2373 et
1293 2315 1423 2393 pondere

173 2395 335 2474 plurimum
364 2395 395 2454 in
425 2395 549 2456 dicendo
576 2395 782 2474 profecerunt?
826 2396 908 2473 Quid
930 2416 1008 2469 vero,
1032 2398 1111 2476 quod
1134 2397 1186 2458 alii
1207 2399 1293 2459 nulla
1315 2399 1422 2460 imbuti

172 2481 260 2542 huius
282 2481 325 2542 rei
346 2481 503 2561 disciplina
525 2502 580 2542 sua
602 2491 706 2561 sponte
727 2482 775 2544 vel
791 2490 908 2543 tantum
924 2479 1061 2562 exempla
1076 2504 1258 2544 summorum
1272 2495 1420 2546 oratorum

173 2569 265 2629 secuti
286 2568 427 2647 his'ipsis
450 2568 612 2629 luminibus
635 2569 776 2629 orationis
798 2569 932 2628 maxima
954 2578 1017 2630 arte
1039 2578 1069 2630 et
1090 2571 1247 2649 prudentia
1270 2573 1315 2632 usi
1329 2576 1419 2633 sunt?

172 2655 217 2715 At
238 2655 311 2715 haec
333 2654 419 2715 nulla
440 2655 533 2716 ascita
555 2655 669 2715 ratione
692 2663 744 2715 aut
765 2655 900 2715 doctrina
922 2655 1047 2716 ornandi
1068 2656 1197 2717 facultas
1220 2667 1249 2719 et
1263 2660 1348 2738 copia
1363 2660 1420 2720 nisi

172 2741 295 2802 summis
326 2741 451 2819 ingeniis
480 2761 538 2801 non
569 2761 708 2802 concessa
736 2749 781 2801 est
812 2761 847 2801 ac
868 2761 964 2819 paene
985 2742 1122 2804 miraculi
1143 2743 1209 2806 loco
1239 2746 1418 2824 accipienda,

172 2827 226 2887 illa
248 2836 347 2888 autem
370 2827 489 2888 horrida
512 2836 541 2888 et
562 2827 714 2907 incompta
735 2827 852 2887 dicendi
873 2828 1006 2906 gravitas
1028 2850 1082 2908 pro
1112 2830 1203 2890 initiis
1222 2831 1282 2891 illis
1300 2833 1418 2911 quidem

168 2914 354 2993 eloquentiae
381 2923 411 2974 et
432 2914 518 2992 quasi
548 2915 674 2993 pueritia
704 2914 824 2974 laudem
854 2914 976 2988 meruit,
1007 2916 1058 2976 sed
1083 2936 1163 2977 nunc
1193 2917 1274 2977 omni
1306 2919 1420 2979 ratione

168 2995 315 3061 rhetorica
337 3001 377 3060 ad
399 3009 516 3061 tantam
538 3000 682 3079 perducta
704 2999 899 3061 subtilitatem
921 3021 981 3061 non
997 3001 1057 3062 iam
1072 3003 1171 3063 locum
1185 3003 1294 3065 habere
1309 3013 1419 3084 potest;

169 3107 264 3166 neque
286 3107 340 3166 ego
363 3087 499 3166 despero,
530 3087 570 3148 eis
600 3087 626 3146 si
648 3087 699 3166 qui
720 3087 795 3148 forte
816 3087 890 3148 haec
912 3108 980 3148 mea
1001 3089 1033 3148 in
1055 3109 1162 3150 manus
1185 3097 1316 3163 sument,
1339 3091 1419 3170 quod

170 3182 286 3234 secutus
309 3195 383 3248 sum,
407 3173 509 3253 aliqua
531 3173 650 3252 quidem
673 3195 710 3234 ex
731 3182 815 3253 parte
836 3194 923 3253 posse
943 3174 1071 3254 probari.

272 3277 320 3338 Ac
341 3277 470 3356 primum
497 3277 615 3357 quidem
646 3277 720 3337 mihi
747 3298 808 3338 non
836 3277 965 3338 alienum
997 3300 1016 3339 a
1041 3301 1163 3342 munere
1189 3280 1254 3340 ludi
1283 3280 1417 3359 magistri

168 3364 265 3427 visum
289 3373 334 3425 est
354 3365 532 3443 investigare
553 3373 583 3425 et
604 3365 739 3438 enodare,
762 3385 839 3444 quae
852 3365 1001 3426 Ciceronis
1024 3374 1054 3426 et
1071 3366 1158 3428 Dem.
1181 3367 1212 3425 in
1234 3367 1290 3427 hoc
1312 3387 1419 3446 genere

168 3451 245 3512 ratio
266 3451 362 3512 fuerit.
406 3451 524 3511 Deinde
550 3449 710 3530 discipulos
739 3451 771 3510 in
793 3451 955 3531 gymnasiis
978 3452 1086 3512 nostris
1108 3474 1168 3514 non
1190 3452 1297 3514 idcirco
1320 3453 1417 3514 solum

168 3538 226 3599 hac
255 3538 389 3599 doctrina
418 3537 512 3598 imbui
541 3537 643 3610 velim,
671 3546 705 3598 ut
733 3537 808 3598 tales
838 3537 1043 3599 exornationes
1070 3539 1101 3599 in
1130 3539 1213 3601 libris
1242 3540 1416 3619 scriptorum

170 3626 359 3704 antiquorum
372 3623 504 3702 legendis
519 3633 689 3703 agnoscant,
712 3624 791 3704 quod
805 3633 905 3685 tamen
923 3625 1021 3704 ipsum
1035 3646 1123 3706 saepe
1137 3647 1197 3686 non
1212 3633 1417 3706 assequuntur,

169 3711 332 3772 sedetiam
355 3711 494 3772 studeant
522 3711 579 3791 ipsi
607 3731 657 3771 eas
686 3711 718 3770 in
741 3711 801 3770 suis
824 3710 1031 3790 scriptionibus
1053 3721 1131 3773 recte
1152 3721 1287 3774 mactare.
1331 3713 1418 3774 Licet

169 3797 248 3858 enim
277 3815 323 3858 res
353 3797 415 3857 eius
446 3796 527 3858 modi
555 3818 651 3876 neque
680 3798 719 3857 ad
749 3818 896 3857 summum
927 3798 1050 3858 oratoris
1080 3799 1128 3860 vel
1151 3800 1299 3879 scriptoris
1321 3819 1416 3879 neque

168 3884 289 3944 omnino
310 3883 438 3944 hominis
459 3884 621 3945 liberaliter
642 3883 770 3945 instituti
792 3883 920 3944 officium
942 3885 1117 3963 pertineant,
1140 3894 1241 3947 tamen
1263 3907 1323 3946 non
1346 3894 1415 3946 sunt

169 4034 272 4041 --

204 4147 207 4151 .
272 4108 293 4174 ³)
311 4123 369 4174 pag.
394 4111 426 4158 20
445 4125 481 4173 sq.
502 4109 609 4160 scribit:
636 4110 732 4174 „Nicht
754 4109 919 4160 Gleichnissc
944 4111 999 4160 und
1017 4111 1187 4176 Metaphern,
1212 4111 1325 4159 sondern
1350 4109 1413 4159 tiele

168 4179 300 4230 Kenntuis
318 4177 703 4244 der·Stuatsangelegenbeiten,
722 4179 925 4245 nichtFiguren
943 4181 1119 4246 undTropen,
1139 4179 1415 4228 sondernMenschen·

167 4248 294 4299 kenntnis
312 4247 365 4296 und
384 4247 676 4313 Geschaftsert'ahrung,
695 4249 771 4298 nicht
788 4249 970 4299 barmonische
988 4249 1131 4312 Perioden,
1150 4249 1261 4297 sondern
1279 4247 1322 4296 die
1339 4247 1415 4298 Heil-

168 4316 578 4384 samkeitundWohlthtttiglreit
596 4318 641 4368 der
653 4318 1066 4384 vorgcschlagenenMassregeln
1085 4333 1172 4368 waren
1191 4317 1233 4368 die
1251 4317 1416 4382 kreftigeren

168 4385 442 4451 Uber-redungsmittel
461 4387 505 4436 der
522 4388 720 4438 Dernosthenes'
740 4388 794 4438 und
813 4388 980 4438 Ciceroncn.“
