3136 5004
721 415 757 469 11

637 496 844 504 ——--—-

118 621 197 684 infra
226 627 434 683 commemorat
462 618 592 679 maxime
620 639 657 678 ea
683 617 728 678 uti
759 617 977 679 comoediarum
1008 616 1179 696 scriptores,
1223 615 1295 695 quia
1327 637 1365 678 ex

119 707 283 769 incredibili
309 707 402 768 risum
433 713 561 784 captent
605 704 707 768 Etiam
729 702 955 783 Kleutgenis4⁰l
981 703 1127 764 sententia
1155 710 1220 764 tum
1246 702 1365 764 demum

120 793 278 876 hyperbole
300 801 377 854 recte
399 791 522 866 utimur,
550 793 577 851 si
603 790 727 873 quoodo
756 792 789 852 in
811 809 845 852 re
868 809 931 851 non
953 789 1073 869 culpari
1100 807 1169 851 oum
1191 790 1365 852 animorum

120 886 201 942 motu
228 885 371 941 uersatur
401 880 510 941 oratio.
555 877 715 939 Praeclara
744 876 781 937 de
811 897 846 938 ea
868 876 1012 956 praecipit
1032 875 1158 952 Quintil.
1182 876 1240 937 ita:
1275 876 1364 938 buius

119 985 237 1049 qnoque
259 968 307 1027 rei
328 970 466 1027 seruetur
487 983 633 1025 mensura
647 963 809 1046 quaedam,
833 964 973 1045 quamuis
988 968 1032 1024 est
1047 965 1127 1024 enim
1143 962 1241 1024 ortuis
1254 962 1365 1044 hyper-

121 1052 185 1114 bole
206 1053 289 1116 ultra
302 1051 416 1130 fidem,
448 1070 511 1113 non
542 1057 644 1112 tamen
674 1067 737 1110 esse
767 1049 855 1112 debet
882 1049 966 1110 ultra
995 1049 1118 1132 modum
1149 1068 1206 1111 nec
1228 1049 1291 1112 alia
1313 1051 1365 1111 aia

120 1140 215 1218 mopis
245 1140 278 1200 in
307 1138 486 1201 cacozeliae
508 1137 580 1202 itur.
611 1163 654 1182 ε-
683 1154 809 1198 monere
838 1137 913 1198 sutis
943 1141 987 1197 est
1015 1137 1139 1197 naentiri
1169 1135 1365 1218 hyperbolen,

118 1244 173 1288 nec
201 1227 260 1302 ita,
293 1230 327 1286 ut
349 1224 509 1286 mendacio
525 1221 641 1303 fallere
663 1221 752 1300 uelit,
783 1242 843 1304 quo
866 1223 965 1302 maqis
985 1222 1181 1296 intuendum,
1213 1229 1272 1297 est,
1304 1242 1364 1304 quo

117 1331 212 1394 nsque
235 1311 343 1374 deceat
366 1307 529 1386 extollere,
557 1309 640 1391 quod
667 1307 755 1372 nobis
783 1328 847 1370 non
877 1309 1021 1374 creditur.
1046 1309 1187 1390 peruenit
1215 1309 1291 1370 baec
1313 1329 1364 1371 res

111 1398 362 1481 frequentissime
386 1396 428 1458 ad
452 1397 568 1459 risum:
601 1395 654 1478 qui
675 1395 702 1456 si
723 1400 864 1477 captatus
887 1400 949 1472 est,
971 1393 1170 1470 urbanitatis,
1193 1397 1241 1456 sin
1264 1395 1363 1473 aliter,

117 1485 261 1547 stultitiae
293 1502 408 1556 nomen
431 1483 617 1564 adsequitur.
646 1487 690 1544 est
719 1487 821 1544 autem
842 1483 876 1542 in
896 1501 955 1544 usu
976 1483 1066 1560 culpo
1090 1500 1210 1563 quoque
1233 1487 1262 1544 et
1283 1483 1364 1544 inter

117 1571 286 1633 ineruditos
309 1576 337 1631 et
359 1571 444 1652 apud
465 1569 605 1649 rusticos,
627 1568 767 1630 uidelicet
784 1569 857 1650 quia
876 1574 992 1631 natura
1011 1573 1055 1630 est
1072 1567 1212 1630 omnibns
1230 1564 1363 1647 aupendi

119 1674 169 1716 res
190 1656 237 1718 oei
259 1656 415 1718 minuendi
437 1655 589 1738 cupiditas
611 1655 706 1717 insita
727 1674 784 1716 nec
807 1655 968 1737 qaisquam
990 1673 1063 1717 aero
1086 1660 1244 1717 contentus
1260 1661 1363 1718 est.-

120 1748 181 1803 tnm
194 1748 238 1804 est
246 1742 410 1824 hyperbole
422 1744 526 1816 virtus,
550 1761 618 1806 cum
629 1760 679 1803 res
690 1743 767 1824 ipsa,
790 1743 828 1804 de
844 1761 906 1824 qua
918 1741 1102 1824 loquendum
1115 1747 1167 1815 est,
1189 1741 1364 1803 naturalem

118 1829 241 1891 niodum
264 1831 403 1895 excessit.
422 1828 605 1894 ,conceditur
628 1829 708 1889 enim
731 1828 863 1910 amplius
886 1827 1002 1907 dicere,
1026 1828 1099 1911 qaia
1120 1828 1192 1908 dici,
1215 1833 1364 1910 quantum

118 1920 171 1996 est,
194 1935 257 1977 non
275 1921 384 1998 potest,
407 1915 574 1997 meliusque
603 1915 686 1976 ultra
709 1934 802 1997 quam
830 1916 908 1978 citra
930 1919 990 1977 stat
1013 1913 1171 1995 oratio41).
1216 1914 1363 1976 Adhiberi

116 2021 203 2080 porro
232 2022 299 2062 eam
330 2002 433 2063 scribit
453 2001 564 2063 Carnis.
596 2000 616 2062 l.
638 2022 662 2062 c.
685 2009 739 2062 aut
766 2001 925 2080 separatim
956 2009 1009 2063 aut
1037 2021 1104 2062 cum
1126 2001 1362 2079 comparatione;

116 2087 244 2167 amplior
263 2097 309 2149 est
330 2087 511 2166 Quintiliani
533 2087 639 2150 divisio
670 2095 723 2149 aut
741 2087 813 2169 plus
828 2089 917 2166 sacto
945 2089 1074 2150 dicimus
1097 2123 1136 2133 -
1161 2093 1215 2149 aut
1236 2107 1286 2149 res
1303 2105 1364 2170 per

115 2174 343 2236 similitudinem
368 2174 533 2236 attollimus
557 2211 598 2218 -
622 2180 676 2236 siut
686 2193 746 2256 per
765 2175 1026 2256 comparationem
1042 2211 1085 2219 —
1101 2178 1154 2236 aut
1166 2175 1260 2253 siquis
1275 2175 1364 2255 quasi

116 2259 298 2340 quibasdam
320 2295 361 2306 -
385 2266 438 2322 aut
461 2260 671 2326 translatione.
693 2291 736 2306 -
760 2262 868 2322 crescit
897 2262 1020 2322 interim
1042 2259 1205 2342 byperbole
1228 2260 1292 2324 alia
1314 2261 1362 2322 iu-

115 2363 210 2426 super
224 2343 340 2410 addilo.
379 2346 425 2407 Ut
439 2346 636 2426 synecdoches
647 2346 784 2426 exempla
802 2347 948 2408 allaturus
964 2347 995 2406 in
1008 2346 1152 2426 angustiis
1177 2346 1221 2407 fui
1242 2355 1362 2426 propter

114 2449 216 2491 eorum
237 2431 427 2510 paucitatem,
448 2432 492 2492 ita
513 2432 562 2493 hic
583 2431 703 2494 difficile
723 2442 768 2494 est
788 2433 911 2496 modum
925 2442 1030 2494 tenere.
1075 2433 1184 2494 Oornif.
1207 2433 1226 2494 l.
1244 2434 1363 2513 equod

113 2525 305 2596 praeceperat
320 2517 357 2579 de
372 2516 430 2579 hac
440 2538 480 2592 re,
501 2517 633 2580 illustrat
646 2518 702 2580 hoc
716 2519 868 2599 exemplo:
895 2516 1032 2601 Corpore
1048 2522 1171 2580 niveum
1187 2519 1361 2592 candorem,

113 2610 241 2685 aspectu
263 2605 386 2682 iqneum
408 2605 554 2667 ardorem
576 2604 795 2686 assequebatur
817 2615 848 2666 et
876 2607 962 2667 cuius
985 2625 1038 2668 ore
1061 2624 1162 2667 sermo
1185 2605 1273 2667 atelle
1296 2605 1363 2668 dul-

113 2691 179 2752 cior
196 2689 379 2772 profluebat.
423 2690 535 2771 Tryph.
557 2691 631 2753 citat
650 2692 742 2753 Hom.
766 2691 803 2766 K,
827 2697 889 2754 437
915 2680 1098 2771 λευκότεροι
1114 2679 1233 2770 χιόνος,
1254 2689 1361 2756 θείειν

114 2773 311 2855 d‘oim'poram
333 2768 452 2858 ὁμοῖοι,
475 2778 554 2858 quod
577 2777 667 2857 Verg.
690 2779 765 2841 Aen.
790 2783 845 2852 12,
869 2783 910 2842 84
941 2779 981 2839 ad
1002 2778 1126 2841 verbum
1147 2777 1291 2839 imitando
1314 2799 1362 2840 ex-

112 2862 233 2942 pressit:
260 2861 320 2942 Qui
338 2863 472 2926 candore
494 2865 581 2926 niues
603 2865 765 2942 anteirent,
788 2864 927 2927 cursibus
942 2884 1046 2936 auras,
1070 2870 1099 2927 et
1112 2868 1150 2938 Λ,
1163 2870 1224 2926 277
1237 2863 1361 2946 μελαν-

113 2968 223 3026 rspov,
253 2943 328 3030 ἠΰτε
357 2949 476 3014 πίσσα.
498 2951 625 3028 Quintil.
654 2959 771 3030 praeter
792 2951 1001 3026 Ciceroniana,
1031 2972 1108 3030 quae
1137 2972 1207 3012 mox
1237 2972 1362 3013 comme-

38 3070 42 3090 ,
113 3032 324 3110 morabuntur,
353 3036 438 3098 affert
460 3037 550 3117 Verg.
571 3039 650 3098 Aen.
675 3043 701 3111 1,
727 3043 787 3101 162
811 3038 985 3120 qeminique
1007 3040 1166 3100 minantur
1187 3042 1220 3098 in
1243 3038 1360 3101 coelum

111 3119 232 3201 scopuli
239 3143 250 3201 ,·
280 3122 371 3185 indid.
396 3129 431 3198 8,
457 3128 516 3187 691
543 3124 652 3186 credas
679 3125 790 3185 innare
813 3123 951 3187 reuulsus
977 3123 1139 3205 Cyclados,
1164 3129 1191 3199 5,
1216 3129 1277 3188 319
1293 3124 1360 3206 ful-

110 3207 203 3268 minis
226 3209 310 3271 ocior
340 3210 413 3288 alis,
448 3216 482 3284 7,
506 3216 570 3274 808
592 3209 647 3271 illa
668 3210 716 3272 ael
737 3212 870 3272 intactae
892 3213 1001 3292 sepelis
1018 3232 1079 3294 per
1100 3230 1220 3272 summa
1242 3212 1361 3273 coloret

107 3295 255 3371 pramina
284 3315 342 3358 nec
373 3302 495 3359 teneras
525 3315 616 3358 cursu
646 3293 785 3358 laesisset
815 3298 946 3378 aristas,
975 3307 1005 3359 et
1033 3319 1071 3359 ex
1084 3351 1087 3358 Δ
1100 3297 1230 3377 quodam
1256 3297 1361 3358 icidari

109 3379 214 3441 libello
235 3380 399 3444 Ciceronis:
420 3383 558 3462 fundam
585 3381 669 3445 Vetto
692 3391 797 3462 uocat,
820 3404 909 3467 quem
928 3386 1026 3466 possit
1047 3385 1165 3446 mittere
1181 3385 1306 3464 sunda:
1327 3385 1362 3444 ni

110 3473 215 3528 tomen
239 3469 404 3547 ceciderit,
434 3488 496 3552 quc
527 3488 603 3531 caua
626 3471 731 3550 sunda
756 3476 853 3554 patet.
898 3471 1014 3532 Eodem
1040 3470 1185 3532 referendi
1212 3478 1282 3531 sunt
1302 3470 1361 3530 loci

109 3551 157 3611 illi
167 3553 330 3616 Horatiani
351 3577 441 3618 carm.
466 3562 493 3631 1,
518 3562 545 3630 1,
569 3561 625 3620 36:
649 3553 774 3619 sublimi
777 3558 896 3636 feriam
911 3558 1016 3620 sidera
1028 3559 1148 3631 uertice,
1171 3565 1201 3616 et
1223 3562 1251 3629 3,
1275 3560 1303 3629 3,
1324 3561 1358 3618 7:

109 3639 139 3698 si
162 3639 286 3717 fractus
314 3642 462 3705 illabatur
491 3644 591 3722 orbis,
620 3643 810 3725 impavidum
834 3645 952 3724 ferient
973 3646 1098 3718 ruinae,
1129 3651 1159 3703 et
1180 3641 1359 3721 Euripideus

108 3723 201 3788 Herc
222 3726 243 3789 f.
268 3733 345 3790 601:
368 3721 406 3792 rb
429 3729 530 3814 γῆρας
544 3719 722 3813 βαρύτερον
733 3727 861 3802 Αἴτνας
876 3727 1046 3794 σκοπέλων
1060 3725 1118 3791 ἐπὶ
1131 3725 1226 3811 κρατὶ
1246 3732 1359 3794 κεῖται.

214 3813 253 3873 In
275 3815 417 3894 exemplis
433 3817 549 3878 aDem.
563 3825 594 3878 et
614 3825 644 3877 et
659 3817 719 3879 Cic.
734 3817 899 3897 repetendis
921 3826 1030 3878 natura
1050 3816 1107 3876 fert
1128 3823 1162 3876 ut
1174 3834 1235 3875 nan
1250 3815 1359 3890 omnia,

106 3898 140 3958 in
152 3899 261 3978 quibus
273 3909 372 3961 orator
389 3901 552 3982 simplicem
566 3903 700 3966 veritatis
719 3904 865 3964 rationem
880 3903 1038 3964 excessisse
1056 3901 1181 3976 videtur,
1204 3922 1359 3981 congerere

106 3986 265 4064 possimus,
288 3986 341 4048 sed
362 3988 572 4050 excellentiora
592 3998 711 4052 tanturn
733 3989 841 4070 eligere
862 3990 958 4051 liceat.
991 3988 1093 4068 Atque
1109 3987 1207 4050 multa
1228 3988 1316 4049 huius
1329 4009 1358 4067 g.

105 4091 147 4132 ex
169 4092 304 4135 sermone
326 4074 444 4154 vulgari
466 4075 562 4137 ascita
582 4096 645 4138 esse
659 4077 806 4150 videntur,
828 4084 863 4137 ut
875 4075 950 4137 haec
964 4074 1211 4138 Demosthenica:
1233 4075 1358 4149 XVHI,

217 4301 248 4365 ⁶⁰)
265 4318 326 4368 pag.
346 4305 386 4355 56.
423 4303 455 4370 ‘¹)
473 4303 587 4369 Apsines
605 4321 709 4370 quoque
734 4301 784 4371 (sp.
805 4305 848 4370 Sp.
868 4305 888 4354 Ι.
908 4301 969 4368 405)
987 4301 1078 4353 laudat
1096 4300 1268 4420 hpperbolas,
1287 4301 1358 4365 quod

106 4367 203 4492 nibpft
218 4379 339 4437 ποιοῦσιν,
366 4374 482 4439 itemque
505 4374 636 4426 Aristides
660 4375 710 4441 (ap.
734 4373 777 4439 Sp.
798 4375 831 4425 11.
851 4373 911 4440 494)
930 4390 976 4440 per
1000 4388 1045 4423 eas
1065 4388 1110 4442 σφο
1129 4367 1221 4444 ρότητα
1244 4366 1358 4443 γενέσθαι

104 4457 161 4492 scm
182 4459 210 4492 r.

1150 4532 1164 4577 2
