3138 5004
831 385 872 441 90

746 465 952 478 —

224 594 333 661 ταιαῑς
349 584 643 673 παραταξαμένους
665 585 722 649 καὶ
740 583 819 662 τούς
840 582 874 649 ἐν
885 585 1048 666 Σαλαμῖνι
1060 578 1332 674 κααμαχὴσαντας
1343 581 1468 672 acoi.⁵²).
1537 631 1538 638 1

224 677 351 738 Summa
373 684 475 736 autem
498 683 543 735 est
565 673 701 748 andacia,
724 693 793 734 oum
816 673 910 734 oratio
933 673 972 734 ad
993 694 1040 734 res
1061 673 1211 735 inanimae
1233 675 1418 751 convertiuu,
1440 687 1472 738 ut

223 763 290 826 Mil.
316 767 356 826 85
376 759 438 826 Vos
462 759 543 840 iam,
566 757 690 822 Albam·
711 757 832 823 tumuli
850 769 947 841 atquo
970 756 1051 836 laci,
1075 780 1138 835 cos,
1160 761 1302 844 iuquam,
1325 760 1471 844 implora

222 849 310 916 Balb.
337 853 376 911 13
399 868 453 909 coe
476 843 628 928 denr'qua,
658 855 767 906 mutae
790 844 950 930 raciones,
972 843 1125 928 imploro,
1153 857 1183 908 et
1213 845 1282 909 oola
1312 857 1472 910 terraram

223 934 425 1012 ultimarum,
448 953 513 1007 coe,
536 933 656 1010 maria,
675 941 804 1014 portae,
827 930 964 1007 insulae,
988 929 1105 994 litora!
1127 932 1164 996 cf.
1185 933 1285 996 Flacc.
1310 939 1367 1009 63;
1396 935 1469 1000 Sest.

223 1027 275 1087 45.
321 1023 359 1084 In
382 1019 464 1083 Cael.
487 1025 527 1083 63
551 1019 675 1082 dicitur:
701 1039 719 1079 o
741 1039 862 1102 mapaa
884 1017 935 1079 oio
958 1018 1114 1093 veritatis,
1137 1039 1222 1100 quae
1244 1030 1355 1082 contra
1376 1019 1471 1083 tomt·
1538 1067 1539 1080 1

222 1129 299 1170 aum
324 1105 455 1191 inperia
478 1102 701 1182 calliditatem,
724 1101 897 1168 sollertiam
917 1101 1017 1182 facile
1039 1125 1073 1165 ce
1088 1125 1151 1187 per
1166 1125 1199 1166 rc
1213 1104 1471 1190 rpeadefecdot!
1538 1139 1539 1190 3

181 1248 188 1261 .
222 1195 282 1257 Sed
303 1193 378 1256 talia
399 1193 489 1256 etiam
511 1192 539 1254 ei
559 1192 609 1271 fig.
633 1190 739 1254 subiici
761 1199 894 1271 possunt,
917 1204 994 1272 quae
1016 1212 1036 1253 a
1056 1190 1208 1274 comitr)

692 1451 999 1542 [reiteratio

222 1644 391 1726 appellatur
411 1652 442 1706 et
463 1644 505 1706 sic
526 1644 680 1708 definiant
704 1668 727 1710 e.
752 1660 806 1728 eet,
830 1669 911 1730 qaae
925 1646 1050 1731 conficit
1064 1644 1331 1733 caballicationem
1347 1645 1472 1712 doloris

223 1743 282 1793 aut
305 1728 544 1816 iadipaationic
573 1729 716 1795 alt'caiue
741 1755 806 1816 per
827 1733 968 1799 bominis
992 1745 1049 1796 cat
1071 1733 1162 1798 urbis
1186 1744 1242 1794 aut
1264 1731 1329 1796 loci
1348 1747 1405 1796 aut
1426 1735 1474 1798 rei

221 1817 407 1900 cuiuspiam
428 1814 698 1900 compellationem.
742 1821 805 1883 Hic
827 1823 920 1884 verba
942 1821 1065 1882 »doloris
1088 1829 1141 1882 aut
1162 1820 1391 1900 indignationis«
1412 1844 1472 1884 non

219 1925 331 1985 magno
362 1924 449 1984 opere
474 1905 636 1984 premenda
668 1927 731 1968 esse
757 1928 876 1982 censeo,
907 1909 959 1970 sed
988 1908 1108 1969 maioris
1139 1916 1184 1969 est
1205 1909 1348 1968 momenti
1369 1909 1473 1988 »signi-

219 1991 340 2053 ficatim.
384 1991 490 2070 Neque
520 1991 599 2052 enim
627 2013 728 2054 eorum
759 1995 922 2056 sententiae
950 1994 1089 2056 accedere
1117 2014 1253 2074 possum,
1279 1994 1332 2074 qui
1361 1994 1393 2055 in
1426 1995 1472 2057 his

220 2077 292 2157 ipsis
315 2077 468 2138 affectibus
490 2077 636 2139 rationem
657 2079 807 2159 figurandi
828 2090 938 2161 putant
958 2101 1022 2142 esse
1046 2081 1176 2161 positam
1185 2078 1223 2161 54)
1246 2115 1287 2125 -
1310 2080 1371 2141 iam
1393 2083 1472 2142 enim

221 2184 311 2243 supra
332 2163 443 2229 monui.
466 2164 695 2226 dividendarum
716 2166 787 2246 figg.
809 2188 932 2229 causam
953 2188 1014 2228 non
1037 2188 1074 2228 ex
1096 2166 1189 2228 animi
1211 2166 1364 2228 affectibus
1391 2188 1472 2250 repe-

219 2250 342 2311 tendam
370 2271 499 2311 esse-
521 2250 573 2312 sed
595 2251 620 2311 si
654 2263 715 2331 qu'a
743 2254 775 2312 in
797 2253 1014 2315 exclamatione
1035 2254 1081 2316 vis
1102 2252 1286 2333 figurationis
1316 2253 1408 2328 inest,
1441 2256 1471 2314 in

220 2355 257 2398 ea
277 2357 309 2398 re
331 2357 398 2398 eam
420 2336 477 2398 niti
498 2346 588 2417 puto,
615 2339 696 2417 quod
724 2347 777 2401 aut
805 2348 905 2401 orator
927 2340 1090 2402 orationem
1112 2340 1151 2401 ab
1173 2338 1270 2400 iudice
1293 2349 1410 2402 avertat
1431 2377 1469 2387 -

219 2432 309 2504 atquc
337 2424 396 2485 hac
425 2443 463 2485 ex
492 2432 578 2504 parte
602 2424 642 2485 ad
664 2426 889 2505 praecedentem
911 2427 960 2507 fig.
983 2426 1151 2489 revocanda
1177 2434 1223 2487 est
1245 2461 1286 2471 -
1309 2435 1363 2487 aut
1386 2428 1470 2489 vehe-

218 2518 332 2572 menter
362 2519 525 2572 commotus
555 2510 688 2572 videri
720 2513 812 2576 vult.
857 2513 950 2575 Recte
976 2513 1068 2593 igitur
1097 2522 1127 2575 et
1154 2511 1322 2589 aQuintil.
1347 2533 1416 2575 vera
1437 2523 1465 2574 et

219 2605 303 2658 arte
325 2597 551 2678 composita
574 2597 607 2678 (i.
629 2618 653 2659 e.
667 2598 807 2680 figurata)
830 2599 1030 2679 distinguitur,
1053 2608 1083 2660 et
1101 2620 1120 2661 a
1136 2599 1260 2678 Kleutg.
1278 2597 1468 2681 monear⁵⁵)‚

218 2692 253 2744 ut
273 2682 322 2744 hic
344 2703 415 2745 usus
440 2682 610 2745 moderatus
636 2684 689 2759 sit,
716 2685 788 2764 quia
817 2687 977 2766 praecipue
998 2685 1230 2748 vehementiores
1253 2685 1347 2745 animi
1369 2695 1466 2748 motus

218 2770 375 2850 exprimat.
419 2769 521 2850 Atque
543 2771 585 2832 eis
607 2771 764 2850 exemplis,
793 2792 871 2851 quae
892 2773 954 2833 iam
977 2793 1068 2852 supra
1089 2772 1121 2832 in
1144 2771 1322 2852 apostrophe
1344 2793 1472 2834 comme-

217 2865 335 2917 morata
353 2865 440 2930 sunt,
467 2857 542 2918 haec
573 2857 752 2937 adiungam:
780 2857 842 2922 cic.
868 2860 905 2920 V.
929 2863 957 2934 3,
983 2864 1044 2922 176
1068 2880 1085 2920 o
1108 2858 1288 2920 consuetudo
1317 2861 1472 2938 peccandi,
1539 2905 1540 2934 ,

218 2951 364 3023 quantum
393 2943 486 3004 habes
508 2943 723 3005 iucunditatem
745 2945 888 3024 improbis
910 2953 964 3006 etc.
987 2945 1053 3011 Cat.
1077 2945 1103 3019 I,
1127 2950 1145 3007 9
1168 2965 1186 3006 o
1208 2944 1239 3004 di
1261 2944 1472 3008 immortales?
1539 2945 1540 2968 ³

216 3028 342 3090 ubinam
369 3029 503 3108 gentium
532 3032 655 3091 sumus?
683 3040 737 3092 etc.
760 3031 811 3113 (ci.
833 3031 874 3094 V.
898 3037 933 3106 5,
964 3034 1035 3105 35t;
1063 3031 1163 3093 Flacc.
1189 3035 1249 3094 102
1279 3033 1469 3107 anaxilla,

217 3135 295 3196 quae
315 3135 412 3194 paene
434 3124 568 3177 aeternas
590 3116 660 3177 huic
681 3118 749 3178 urbi
769 3118 907 3179 tenebras
929 3117 1057 3179 attulisti
1078 3126 1151 3191 etc.;
1173 3117 1209 3179 cf.
1222 3117 1279 3180 Ph.
1295 3117 1387 3192 XIV,
1411 3124 1473 3192 313

217 3202 404 3263 notissimum
425 3202 513 3263 huius
535 3224 563 3282 g.
585 3209 630 3263 est
650 3202 726 3264 illud
748 3225 780 3264 »ο
802 3208 951 3284 tempora!
974 3225 992 3265 ο
1014 3225 1109 3266 mores
1119 3207 1141 3266 l«
1163 3204 1217 3282 [V.
1229 3208 1258 3278 4,
1282 3207 1340 3276 56;
1364 3204 1434 3267 aaa
1447 3207 1474 3280 I,

218 3293 252 3363 23
273 3288 351 3351 dom.
376 3293 454 3362 137;
476 3289 543 3350 Dei.
568 3294 632 3362 31).
676 3289 708 3351 A
729 3290 841 3352 talibus
863 3289 1073 3352 Demosthenis
1101 3292 1195 3351 oratic
1216 3289 1307 3370 plane
1329 3290 1474 3353 abhorret

215 3395 313 3456 neque
332 3375 439 3450 habet,
471 3376 551 3455 quod
572 3374 741 3436 conferatur
761 3375 807 3437 illi
828 3377 977 3438 Ciceronis
1000 3385 1029 3438 et
1050 3377 1227 3438 Latinorum
1248 3376 1376 3451 formae,
1400 3397 1476 3438 cum

216 3462 396 3524 exclamatio
426 3481 480 3542 per
501 3462 705 3524 accusativum
727 3462 853 3538 effertur,
875 3463 934 3524 nisi
955 3463 1055 3538 XIX,
1080 3468 1119 3526 65
1143 3461 1259 3541 θέαμα
1283 3456 1389 3527 δεινὸν
1412 3462 1476 3526 καὶ

217 3540 361 3612 ἐλεεινόν
382 3548 442 3610 huc
463 3549 581 3610 trahere
602 3548 686 3612 velis.
731 3549 789 3611 Est
818 3549 898 3610 enim
920 3551 1005 3614 Dem.
1031 3550 1150 3610 omnino
1172 3549 1272 3610 sanior
1293 3557 1322 3611 et
1343 3551 1478 3629 pressior

218 3642 248 3697 et
279 3635 383 3697 siccior
409 3656 500 3716 quam
527 3635 588 3698 Cic.
613 3655 790 3715 omnemque
816 3636 1046 3698 redundantiam
1075 3636 1227 3716 repudiat3
1258 3635 1318 3698 hue
1348 3637 1476 3711 accedit,

216 3721 296 3802 quod
317 3721 393 3783 talia
414 3722 467 3783 illc
489 3730 620 3802 tempore
642 3722 762 3783 omnino
785 3722 823 3784 ab
846 3723 1011 3784 oratoribus
1027 3743 1087 3784 non
1100 3721 1317 3784 factitabantur
1329 3722 1476 3803 ipsasque

215 3808 285 3869 illas
313 3808 435 3870 deorum
464 3808 667 3871 invocationes
693 3817 724 3870 et
753 3809 980 3884 obtestationes,
1004 3829 1078 3890 quas
1101 3829 1192 3890 supra
1214 3809 1316 3884 attuli,
1340 3830 1359 3870 a
1379 3809 1475 3872 Dem.

216 3894 313 3975 primo
336 3895 485 3956 adhibitas
507 3915 571 3956 esse
592 3895 719 3957 orationi
748 3895 831 3957 testis
853 3905 898 3957 est
919 3896 1016 3957 Blass.
1041 3896 1131 3978 (1111,
1157 3896 1239 3976 153).
1283 3895 1344 3957 Cic.
1368 3903 1475 3956 autem

216 3981 249 4040 in
270 3980 327 4041 hoc
348 4001 376 4059 g.
400 3981 654 4061 fiequentissimus
683 3990 728 4042 est
755 3982 845 4061 idque
876 4003 964 4063 saepe
986 3981 1076 4043 etiam
1099 3982 1200 4044 condit
1221 3981 1329 4057 ironia,
1351 3989 1385 4043 ut
1405 3981 1476 4045 Pis.

218 4072 260 4131 58
284 4087 301 4128 o
324 4066 429 4128 stultos
451 4067 609 4145 Camillos,
630 4068 757 4143 Ourios,
772 4069 941 4144 Fabricios,
976 4077 1122 4131 amentem
1144 4068 1302 4145 Paullum,
1325 4067 1475 4129 anticum

321 4277 356 4330 ”l
376 4278 409 4327 cs.
434 4273 491 4348 rupi
510 4272 591 4348 ὕψους
614 4279 658 4345 Sp.
677 4281 704 4341 I,
724 4283 783 4331 tit.
819 4281 901 4347 ⁸³)4,
921 4282 967 4346 15,
987 4285 1035 4345 223
1059 4281 1112 4334 huc
1138 4281 1218 4333 etiam
1236 4281 1346 4350 Apsinis
1370 4281 1427 4348 (Sp.
1449 4281 1474 4346 1,

218 4346 281 4401 406]
301 4343 430 4413 δεινώσεις,
449 4343 621 4419 σχιτλιασμαί,
645 4345 847 4424 altiverique&
871 4358 1004 4418 spectant,
1028 4367 1096 4418 quae
1121 4348 1203 4408 πάθος
1228 4359 1336 4405 ποιοῦσι.
1379 4349 1410 4418 ⁵⁸)
1433 4352 1474 4399 ef.

217 4417 304 4466 Mons.
321 4417 358 4464 D:
375 4420 415 4465 14.
452 4417 570 4482 ὅ“).9,2,
591 4420 736 4484 rapat.
1469 4447 1472 4454 ·
