3136 5004
821 373 862 428 42

214 575 338 635 illustris
361 584 451 654 atque
470 575 544 648 lata,
565 575 682 637 Cluent
694 579 767 638 83a
788 573 936 634 iudicibus
956 576 1075 654 petitia,
1097 585 1132 636 nt
1152 577 1308 656 patiantur
1329 599 1364 639 eo
1385 588 1473 640 tran-

215 662 272 723 sire
293 660 461 735 infamiam,
490 661 544 722 ubi
564 661 713 722 maleficia
734 661 913 734 consistant,
944 661 985 721 ah
1007 682 1043 722 eo
1064 662 1209 724 invidiam
1232 664 1396 738 (1166611616,
1427 667 1471 726 ad

214 768 302 830 quem
324 767 489 828 numquam
518 749 675 810 accessisse
697 747 818 826 culpam
841 747 973 820 videant,
994 748 1086 813 Balb.
1110 755 1150 812 16
1172 769 1219 810 ras
1240 759 1342 830 gestae
1364 771 1471 814 omnes

213 843 315 914 gentes
341 844 588 914 peragraverunt,
617 835 724 913 Pomp.
747 839 789 896 34
811 833 889 894 tanti
917 833 990 894 belli
1020 835 1148 914 impetus
1175 837 1348 916 navigavit,
1370 837 1413 901 V.
1438 845 1471 912 5,

215 926 255 985 88
278 921 414 982 evolarat
434 919 629 1000 quadriremis
654 918 704 1002 (cf.
727 920 794 980 Dei.
818 924 893 997 30),
915 920 956 982 V.
981 926 1016 995 2,
1041 925 1081 984 53
1105 922 1197 1002 serpit
1218 923 1328 984 iniuria
1349 932 1380 985 et
1400 945 1470 1004 pec·

214 1007 303 1068 candi
333 1007 530 1081 consuetudo,
564 1008 709 1080 16,Π,
740 1012 780 1070 87
803 1006 963 1086 Karthago
989 1008 1140 1068 succincta
1168 1009 1326 1088 portibus,
1348 1021 1469 1072 armata

212 1093 305 1154 muris
334 1113 488 1154 excurrere
516 1114 555 1154 ex
576 1093 697 1167 Afi'ica,
727 1093 880 1153 imminere
897 1092 1003 1154 insulis
1024 1093 1183 1156 videbatur
1205 1130 1247 1140 -
1270 1095 1390 1158 sublata
1412 1107 1470 1171 est,
1550 1137 1551 1158 i

212 1199 251 1241 ne
272 1180 393 1258 quando
410 1189 543 1241 recreata
563 1200 706 1260 exaugere
728 1189 818 1258 atque
839 1180 949 1258 erigere
971 1200 1002 1240 se
1023 1190 1124 1259 posset
1131 1203 1139 1253 ;
1166 1181 1242 1246 Sest.
1269 1189 1311 1246 68
1332 1203 1379 1244 ras
1400 1194 1471 1245 erat

212 1275 243 1327 et
264 1286 356 1326 cama
377 1287 411 1327 eo
433 1266 494 1327 iam
515 1265 589 1340 loci,
621 1277 656 1328 ut
677 1267 787 1346 erigere
808 1265 909 1326 oculos
937 1275 967 1326 et
987 1267 1088 1328 vivere
1109 1267 1275 1341 videretur;
1307 1269 1345 1330 ef.
1369 1269 1410 1333 V.
1437 1276 1469 1344 2,

214 1357 256 1416 50
264 1373 273 1424 ;
295 1357 324 1426 4,
348 1357 407 1426 20;
429 1353 552 1429 Quinat.
577 1351 652 1434 5⁹⁴).
1550 1423 1551 1438 χ

315 1458 473 1518 Ρ16616166
494 1457 587 1536 digna
607 1456 754 1530 videntur,
776 1477 854 1536 quae
876 1465 1155 1520 commemorentur:
1178 1458 1265 1519 Rosa
1280 1457 1315 1523 O.
1332 1462 1374 1522 48
1396 1460 1468 1541 ipsa
1550 1493 1551 1536 1

213 1545 288 1605 mibi
308 1545 424 1605 ceritas
445 1563 572 1604 manum
593 1544 692 1604 iniicit
714 1550 742 1605 el
760 1543 922 1625 paulisper
944 1545 1108 1604 consistere
1131 1545 1227 1624 copil3
1256 1544 1374 1608 Cluent.
1402 1551 1467 1610 183

210 1630 404 1713 improbitate
427 1630 573 1710 depressa
594 1631 708 1691 ceritas
731 1631 857 1708 emerpil
879 1636 907 1690 el
928 1631 1122 1692 innocentiae
1145 1631 1281 1710 defensio
1296 1632 1467 1695 interclusa

210 1718 362 1798 1611111111,Ι
384 1715 489 1778 Ρ16116
508 1720 548 1778 33
571 1715 693 1777 libertas
717 1736 858 1795 oppressa
871 1724 963 1795 caput
976 1715 1105 1788 extollit;
1128 1717 1184 1780 Ph.
1198 1717 1291 1791 XIH,
1316 1723 1356 1782 38
1372 1739 1468 1780 causa

210 1803 348 1882 ingulata
370 1823 534 1882 numquam
557 1803 674 1883 exmgit
696 1803 744 1880 (cf.
767 1802 845 1865 dom.
873 1805 963 1881 119);
985 1803 1041 1864 Ph.
1065 1803 1140 1877 XII,
1165 1809 1183 1866 9
1204 1803 1309 1865 Gallia
1332 1804 1402 1865 belli
1421 1843 1465 1850 —

210 1890 381 1951 sustinendi
398 1889 609 1970 principatum
637 1895 731 1961 tencl,
763 1887 803 1948 D.
827 1889 920 1951 Bruti
948 1896 1056 1951 nutum
1083 1897 1188 1952 seculo
1210 1891 1281 1952 belli
1302 1892 1392 1953 inilia
1406 1894 1468 1969 Jir-
1550 1933 1551 1938 η

210 1977 324 2042 mucii:
347 1975 520 2037 crudelitati
542 1975 584 2040 M.
609 1977 739 2038 Antonii
760 1995 849 2036 suum
872 1982 967 2038 totum
990 1995 1101 2056 corpus
1124 1975 1242 2050 obiecit,
1266 1997 1371 2039 omues
1393 1977 1470 2040 belli

203 2064 326 2144 potitur
347 2062 487 2135 iniurias,
510 2062 583 2123 dum
605 2063 696 2124 modo
718 2061 848 2143 repellat
864 2063 1039 2144 periculum
1062 2063 1215 2124 seruitutis
1229 2063 1280 2145 (cf.
1296 2063 1390 2138 ib.X,
1413 2064 1467 2148 9);

209 2148 286 2209 dom.
311 2152 352 2211 64
375 2149 473 2228 furor
503 2149 612 2210 inanes
622 2148 764 2229 faciebat
792 2150 939 2230 impetita·
968 2148 1043 2210 Sall.
1067 2154 1107 2212 59
1130 2169 1235 2211 amore
1253 2153 1466 2231 possessiones

208 2234 772 2404 arreum
785 2235 1053 2401 6616
1074 2236 1467 2404 reeens-m

207 2408 303 2485 lorles
324 2409 441 2490 species
464 2409 529 2470 eius
552 2410 644 2470 eliam
666 2411 699 2469 in
721 2409 808 2470 bosle
826 2410 931 2490 posita
953 2408 1098 2488 deleclel‚·
1120 2409 1157 2470 cf.
1180 2409 1270 2471 Arch.
1296 2415 1334 2472 16
1358 2419 1413 2472 etc.

318 2512 471 2573 Postremo
494 2512 584 2574 etiam
606 2513 818 2574 nonnullorum
844 2513 1055 2575 adiectivoram
1072 2513 1131 2574 huc
1152 2513 1362 2594 pertinentium
1379 2535 1468 2596 sepa-

208 2599 297 2661 ratim
320 2599 459 2678 exempla
481 2619 599 2678 appono
620 2620 659 2660 ex
680 2600 735 2661 Ph.
757 2600 800 2673 H,
823 2605 862 2662 97
888 2619 981 2661 caeca
1004 2601 1148 2674 aaariliu,
1171 2601 1237 2662 Mil.
1261 2606 1300 2664 26
1320 2621 1469 2664 inducam

208 2704 246 2748 ac
269 2684 397 2748 debilem
415 2692 607 2767 praeturam,
630 2686 748 2748 Caecin.
772 2690 812 2749 61
836 2687 942 2748 ieiuna
966 2687 1129 2764 calumnia,
1152 2687 1214 2748 har.
1233 2708 1256 2748 r.
1280 2688 1468 2768 2effrcaalo

209 2778 238 2834 cl
255 2772 423 2854 praecipiti
437 2772 551 2851 surore
574 2773 621 2851 (cf.
644 2773 722 2834 dom.
746 2774 828 2852 115),
850 2773 953 2834 Plana.
978 2778 1017 2835 57
1042 2773 1117 2834 nibil
1142 2781 1205 2835 lam
1226 2773 1346 2835 caluere
1370 2795 1471 2856 quam

207 2858 412 2932 maledictum,
434 2859 521 2920 Dem.
537 2859 662 2934 XVIII,
688 2863 748 2922 149
767 2852 880 2940 λόγους
893 2851 1140 2946 εὐπροσώπους.
1173 2860 1244 2922 Hac
1259 2861 1468 2940 exemplorum
1550 2911 1551 2944 ,

208 2945 294 3024 copia
320 2964 367 3004 me
396 2943 484 3006 huius
515 2945 558 3006 rei
589 2945 640 3026 qai
673 2946 711 3007 sit
732 2946 944 3007 Demosthenis
974 2955 1004 3006 et
1025 2946 1086 3010 cic.
1110 2967 1181 3008 usus
1204 2947 1276 3008 satis
1299 2947 1470 3011 ostendisse

207 3029 281 3092 mihi
304 3031 421 3096 videor:
444 3053 525 3093 nuno
547 3031 709 3112 disputatio
731 3032 915 3094 traducenda
937 3042 982 3094 est
1004 3033 1096 3094 adid
1117 3054 1218 3114 genus,
1241 3055 1300 3114 quo
1321 3055 1376 3114 pro
1399 3036 1470 3096 ani·

208 3116 340 3178 malibus
362 3137 408 3178 res
430 3117 582 3180 inanimae
604 3118 831 3181 substituuntur.

313 3342 415 3420 Atque
442 3341 474 3401 id
495 3341 527 3401 in
559 3339 679 3401 homine
701 3361 883 3420 quamquam
905 3341 1015 3420 gradm
1038 3341 1125 3421 quasi
1148 3341 1341 3404 deiectionem
1364 3365 1468 3423 quan·
1550 3351 1551 3364 ¹

205 3430 275 3491 dam
297 3428 390 3490 habet
411 3436 500 3507 atque
514 3427 675 3489 motionem
693 3427 732 3488 ab
744 3448 798 3488 suo
812 3427 921 3501 ordine,
943 3435 1044 3488 tamen
1057 3448 1244 3508 nonsemper
1261 3431 1466 3494 contumeliae
1550 3449 1551 3456 ¹

205 3535 296 3578 66666
319 3515 486 3590 assumitur,
509 3514 668 3594 sedsaepe
689 3515 780 3575 etiam
801 3514 884 3576 valet
906 3514 944 3574 ad
971 3514 1100 3576 laudem.
1144 3515 1226 3576 Nam
1248 3524 1283 3577 ut
1304 3517 1464 3594 animalia,

205 3603 231 3664 si
251 3623 313 3664 rem
336 3601 509 3682 simpliciter
531 3609 659 3681 spectes,
692 3621 738 3662 res
770 3601 918 3662 inanimes
948 3600 1093 3680 dignitate
1122 3610 1153 3662 et
1173 3601 1284 3664 virtute
1305 3614 1465 3683 superant,

204 3690 248 3751 ita
269 3688 489 3770 comparatione
511 3687 699 3768 quanmdam
713 3688 844 3768 partium
858 3708 946 3767 saepe
965 3697 1036 3749 sunt
1048 3687 1189 3749 inferiora
1203 3697 1238 3750 ut
1252 3689 1466 3770 magnitudine

205 3785 235 3838 et
257 3777 362 3856 spatio,
385 3775 507 3850 viribus,
530 3783 628 3836 motus
644 3774 800 3836 celeritate.
846 3775 971 3836 Summa
984 3775 1075 3852 igitur
1096 3775 1163 3836 laus
1186 3784 1238 3850 est,
1262 3797 1329 3837 cum
1343 3776 1405 3838 Cic.
1429 3778 1465 3838 in

204 3862 292 3924 Balb.
316 3867 357 3925 34
380 3861 435 3924 On.
457 3871 488 3924 et
509 3862 544 3923 P.
588 3861 741 3942 Scipiones
762 3861 891 3922 fulmina
905 3861 1021 3941 imperii
1035 3861 1177 3941 appellat
1217 3862 1285 3938 Sed,
1308 3864 1466 3924 utstatim

203 3950 235 4010 in
257 3969 319 4010 rem
341 3949 440 4029 ipsam
461 3949 621 4023 intremus,
643 3948 790 4028 plurima,
823 3969 900 4028 quae
921 3948 1038 4028 proprie
1061 3948 1100 4009 ad
1121 3947 1243 4028 plantas
1265 3949 1313 4011 vel
1337 3950 1465 4012 omnino

204 4035 327 4098 adrem
349 4035 490 4098 rusticam
512 4044 601 4115 atque
624 4035 836 4115 agriculturam
857 4035 1023 4115 pertinent,
1053 4035 1197 4096 translate
1227 4035 1318 4096 etiam
1347 4036 1385 4098 de
1407 4035 1465 4098 hc·

203 4122 333 4184 minibus
356 4123 502 4184 dicuntur
546 4122 670 4183 Praesto
700 4132 769 4183 sunt
791 4122 864 4183 haec
886 4121 1096 4184 Ciceroniana:
1131 4121 1197 4184 (lat
1220 4122 1262 4197 Il,
1287 4126 1327 4183 24
1343 4122 1464 4201 florem

310 4330 345 4396 ⁹⁸)
364 4330 463 4380 Fusius
481 4331 552 4382 huna
570 4331 659 4381 locum
677 4334 799 4398 exposuit
808 4335 929 4384 Henseus
939 4333 967 4382 in
978 4333 1120 4400 scriptione
1130 4332 1291 4385 scholastica
1302 4333 1461 4398 „Poetische

203 4399 456 4451 Personifieationen
474 4401 502 4450 in
521 4400 708 4467 griechischen
726 4403 913 4468 Dichtungen“
935 4400 1069 4470 (Par-ohim
1090 4405 1168 4468 1864)
1187 4419 1211 4468 p.
1231 4405 1264 4453 45
1283 4417 1340 4468 sqq.
