<?xml version="1.0" encoding="UTF-8"?>
<!DOCTYPE html PUBLIC "-//W3C//DTD XHTML 1.0 Transitional//EN"
    "http://www.w3.org/TR/xhtml1/DTD/xhtml1-transitional.dtd">
<html xmlns="http://www.w3.org/1999/xhtml" xml:lang="en" lang="en">
 <head>
  <title>
</title>
<meta http-equiv="Content-Type" content="text/html;charset=utf-8" />
  <meta name='ocr-system' content='tesseract 3.04.00' />
  <meta name='ocr-capabilities' content='ocr_page ocr_carea ocr_par ocr_line ocrx_word'/>
</head>
<body>
  <div class='ocr_page' id='page_1' title='image "./detropisetfigur00stragoog_0029.png"; bbox 0 0 3136 5004; ppageno 0'>
   <div class='ocr_carea' id='block_1_1' title="bbox 805 380 844 436">
    <p class='ocr_par' dir='ltr' id='par_1_1' title="bbox 805 380 844 436">
     <span class='ocr_line' id='line_1_1' title="bbox 805 380 844 436; baseline 0.026 -1"><span class='ocrx_word' id='word_1_1' title='bbox 805 380 844 436; x_wconf 88' lang='lat'><strong>18</strong></span> 
     </span>
    </p>
   </div>
   <div class='ocr_carea' id='block_1_2' title="bbox 171 577 1450 3277">
    <p class='ocr_par' dir='ltr' id='par_1_2' title="bbox 198 577 1450 1782">
     <span class='ocr_line' id='line_1_2' title="bbox 203 577 1450 664; baseline 0.001 -24"><span class='ocrx_word' id='word_1_2' title='bbox 203 583 230 651; x_wconf 94' lang='lat'><strong>5,</strong></span> <span class='ocrx_word' id='word_1_3' title='bbox 255 583 295 640; x_wconf 97' lang='grc'><strong>28</strong></span> <span class='ocrx_word' id='word_1_4' title='bbox 319 577 442 657; x_wconf 79' lang='grc'>55551555,</span> <span class='ocrx_word' id='word_1_5' title='bbox 466 597 546 660; x_wconf 83' lang='lat' dir='ltr'><strong>quae</strong></span> <span class='ocrx_word' id='word_1_6' title='bbox 568 580 602 639; x_wconf 88' lang='lat' dir='ltr'><strong>iu</strong></span> <span class='ocrx_word' id='word_1_7' title='bbox 620 579 741 660; x_wconf 85' lang='lat' dir='ltr'><strong>poculis</strong></span> <span class='ocrx_word' id='word_1_8' title='bbox 763 580 792 660; x_wconf 90' lang='lat' dir='ltr'><strong>(i.</strong></span> <span class='ocrx_word' id='word_1_9' title='bbox 805 600 831 644; x_wconf 92' lang='lat' dir='ltr'><strong>e.</strong></span> <span class='ocrx_word' id='word_1_10' title='bbox 844 581 875 641; x_wconf 91' lang='lat' dir='ltr'><strong>in</strong></span> <span class='ocrx_word' id='word_1_11' title='bbox 898 581 1038 661; x_wconf 86' lang='lat' dir='ltr'><strong>bibendo)</strong></span> <span class='ocrx_word' id='word_1_12' title='bbox 1057 580 1262 664; x_wconf 86' lang='lat' dir='ltr'><strong>ponebantur,</strong></span> <span class='ocrx_word' id='word_1_13' title='bbox 1288 581 1450 662; x_wconf 77' lang='grc'>5515555555</span> 
     </span>
     <span class='ocr_line' id='line_1_3' title="bbox 202 664 1450 746; baseline 0.002 -21"><span class='ocrx_word' id='word_1_14' title='bbox 202 664 450 746; x_wconf 84' lang='lat' dir='ltr'><strong>obtemperabat,·</strong></span> <span class='ocrx_word' id='word_1_15' title='bbox 473 665 589 726; x_wconf 83' lang='lat' dir='ltr'><strong>Oluent</strong></span> <span class='ocrx_word' id='word_1_16' title='bbox 615 670 675 728; x_wconf 84' lang='grc'><strong>123</strong></span> <span class='ocrx_word' id='word_1_17' title='bbox 699 685 737 727; x_wconf 88' lang='lat' dir='ltr'><strong>ue</strong></span> <span class='ocrx_word' id='word_1_18' title='bbox 760 669 932 729; x_wconf 89' lang='lat' dir='ltr'><strong>censorium</strong></span> <span class='ocrx_word' id='word_1_19' title='bbox 954 668 1107 740; x_wconf 85' lang='lat' dir='ltr'><strong>stilum,</strong></span> <span class='ocrx_word' id='word_1_20' title='bbox 1131 668 1215 730; x_wconf 90' lang='lat' dir='ltr'><strong>cuius</strong></span> <span class='ocrx_word' id='word_1_21' title='bbox 1238 686 1450 730; x_wconf 86' lang='lat' dir='ltr'><strong>mucronem</strong></span> 
     </span>
     <span class='ocr_line' id='line_1_4' title="bbox 200 750 1449 836; baseline 0.002 -24"><span class='ocrx_word' id='word_1_22' title='bbox 200 750 303 812; x_wconf 87' lang='lat' dir='ltr'><strong>multis</strong></span> <span class='ocrx_word' id='word_1_23' title='bbox 331 751 474 813; x_wconf 77' lang='lat' dir='ltr'><em>remediis</em></span> <span class='ocrx_word' id='word_1_24' title='bbox 503 753 637 814; x_wconf 85' lang='grc'>55555555</span> <span class='ocrx_word' id='word_1_25' title='bbox 666 753 764 815; x_wconf 87' lang='grc'>555555</span> <span class='ocrx_word' id='word_1_26' title='bbox 789 754 998 827; x_wconf 87' lang='lat' dir='ltr'><strong>rettuderunt,</strong></span> <span class='ocrx_word' id='word_1_27' title='bbox 1031 755 1159 835; x_wconf 77' lang='lat' dir='ltr'><strong>posthac</strong></span> <span class='ocrx_word' id='word_1_28' title='bbox 1184 755 1449 836; x_wconf 68' lang='lat' dir='ltr'><strong>pertimescamus·</strong></span> 
     </span>
     <span class='ocr_line' id='line_1_5' title="bbox 201 837 1450 919; baseline 0.002 -21"><span class='ocrx_word' id='word_1_29' title='bbox 201 857 384 916; x_wconf 87' lang='lat' dir='ltr'><strong>quamquam</strong></span> <span class='ocrx_word' id='word_1_30' title='bbox 412 837 468 899; x_wconf 89' lang='lat' dir='ltr'><strong>hoc</strong></span> <span class='ocrx_word' id='word_1_31' title='bbox 497 839 666 918; x_wconf 86' lang='lat' dir='ltr'><strong>exemplum</strong></span> <span class='ocrx_word' id='word_1_32' title='bbox 696 840 820 900; x_wconf 86' lang='lat' dir='ltr'><strong>fortasse</strong></span> <span class='ocrx_word' id='word_1_33' title='bbox 841 840 946 900; x_wconf 89' lang='lat' dir='ltr'><strong>melius</strong></span> <span class='ocrx_word' id='word_1_34' title='bbox 969 840 996 901; x_wconf 92' lang='lat' dir='ltr'><strong>ei</strong></span> <span class='ocrx_word' id='word_1_35' title='bbox 1018 840 1130 902; x_wconf 88' lang='lat' dir='ltr'><strong>formae</strong></span> <span class='ocrx_word' id='word_1_36' title='bbox 1151 840 1339 913; x_wconf 86' lang='lat' dir='ltr'><strong>subiiciatur,</strong></span> <span class='ocrx_word' id='word_1_37' title='bbox 1372 861 1450 919; x_wconf 88' lang='lat' dir='ltr'><strong>quae</strong></span> 
     </span>
     <span class='ocr_line' id='line_1_6' title="bbox 200 923 1449 1005; baseline 0.002 -22"><span class='ocrx_word' id='word_1_38' title='bbox 200 944 272 985; x_wconf 85' lang='lat' dir='ltr'><strong>mox</strong></span> <span class='ocrx_word' id='word_1_39' title='bbox 293 923 477 998; x_wconf 79' lang='lat' dir='ltr'><strong>tractabitur,</strong></span> <span class='ocrx_word' id='word_1_40' title='bbox 500 945 560 1003; x_wconf 91' lang='lat' dir='ltr'><strong>qua</strong></span> <span class='ocrx_word' id='word_1_41' title='bbox 582 925 701 1004; x_wconf 83' lang='lat' dir='ltr'><strong>signum</strong></span> <span class='ocrx_word' id='word_1_42' title='bbox 722 947 776 1005; x_wconf 89' lang='lat' dir='ltr'><strong>pro</strong></span> <span class='ocrx_word' id='word_1_43' title='bbox 798 947 828 987; x_wconf 87' lang='lat' dir='ltr'><strong>re</strong></span> <span class='ocrx_word' id='word_1_44' title='bbox 851 927 917 1005; x_wconf 88' lang='lat' dir='ltr'><strong>ipsa</strong></span> <span class='ocrx_word' id='word_1_45' title='bbox 939 927 1094 999; x_wconf 88' lang='lat' dir='ltr'><strong>statuitur;</strong></span> <span class='ocrx_word' id='word_1_46' title='bbox 1128 927 1185 987; x_wconf 92' lang='lat' dir='ltr'><strong>hoc</strong></span> <span class='ocrx_word' id='word_1_47' title='bbox 1206 927 1314 988; x_wconf 90' lang='lat' dir='ltr'><strong>idcirco</strong></span> <span class='ocrx_word' id='word_1_48' title='bbox 1336 927 1449 987; x_wconf 89' lang='lat' dir='ltr'><strong>maiore</strong></span> 
     </span>
     <span class='ocr_line' id='line_1_7' title="bbox 200 1010 1450 1092; baseline 0.002 -22"><span class='ocrx_word' id='word_1_49' title='bbox 200 1010 405 1072; x_wconf 87' lang='lat' dir='ltr'><strong>observatione</strong></span> <span class='ocrx_word' id='word_1_50' title='bbox 427 1010 551 1090; x_wconf 82' lang='lat' dir='ltr'><strong>dignum</strong></span> <span class='ocrx_word' id='word_1_51' title='bbox 573 1020 629 1085; x_wconf 85' lang='lat' dir='ltr'><strong>est,</strong></span> <span class='ocrx_word' id='word_1_52' title='bbox 660 1012 738 1091; x_wconf 87' lang='lat' dir='ltr'><strong>quod</strong></span> <span class='ocrx_word' id='word_1_53' title='bbox 768 1011 833 1086; x_wconf 91' lang='lat' dir='ltr'><strong>hic,</strong></span> <span class='ocrx_word' id='word_1_54' title='bbox 862 1014 940 1092; x_wconf 88' lang='lat' dir='ltr'>qnod</span> <span class='ocrx_word' id='word_1_55' title='bbox 962 1033 1030 1074; x_wconf 90' lang='lat' dir='ltr'><strong>raro</strong></span> <span class='ocrx_word' id='word_1_56' title='bbox 1052 1033 1109 1073; x_wconf 87' lang='lat' dir='ltr'><strong>usu</strong></span> <span class='ocrx_word' id='word_1_57' title='bbox 1129 1013 1227 1087; x_wconf 89' lang='lat' dir='ltr'><strong>venit,</strong></span> <span class='ocrx_word' id='word_1_58' title='bbox 1250 1013 1450 1092; x_wconf 79' lang='lat' dir='ltr'><strong>metonymice</strong></span> 
     </span>
     <span class='ocr_line' id='line_1_8' title="bbox 198 1096 1448 1195; baseline 0.004 -41"><span class='ocrx_word' id='word_1_59' title='bbox 198 1097 275 1157; x_wconf 86' lang='lat' dir='ltr'><strong>ratio</strong></span> <span class='ocrx_word' id='word_1_60' title='bbox 297 1117 350 1195; x_wconf 78' lang='lat' dir='ltr'><strong>per</strong></span> <span class='ocrx_word' id='word_1_61' title='bbox 371 1096 459 1175; x_wconf 88' lang='lat' dir='ltr'><strong>plura</strong></span> <span class='ocrx_word' id='word_1_62' title='bbox 480 1097 572 1158; x_wconf 87' lang='lat' dir='ltr'><strong>verba</strong></span> <span class='ocrx_word' id='word_1_63' title='bbox 594 1098 718 1160; x_wconf 81' lang='lat' dir='ltr'><strong>ducitur.</strong></span> <span class='ocrx_word' id='word_1_64' title='bbox 754 1098 795 1164; x_wconf 94' lang='lat' dir='ltr'>V</span> <span class='ocrx_word' id='word_1_65' title='bbox 818 1105 852 1172; x_wconf 88' lang='lat'><strong>3,</strong></span> <span class='ocrx_word' id='word_1_66' title='bbox 877 1104 1040 1162; x_wconf 84' lang='lat' dir='ltr'><strong>5secures</strong></span> <span class='ocrx_word' id='word_1_67' title='bbox 1070 1118 1130 1160; x_wconf 92' lang='lat' dir='ltr'><strong>nan</strong></span> <span class='ocrx_word' id='word_1_68' title='bbox 1152 1099 1270 1178; x_wconf 84' lang='lat' dir='ltr'><strong>signum</strong></span> <span class='ocrx_word' id='word_1_69' title='bbox 1292 1107 1422 1178; x_wconf 74' lang='lat' dir='ltr'><strong>potestat</strong></span> <span class='ocrx_word' id='word_1_70' title='bbox 1377 1100 1448 1160; x_wconf 88' lang='lat' dir='ltr'><strong>tatis</strong></span> 
     </span>
     <span class='ocr_line' id='line_1_9' title="bbox 199 1183 1450 1265; baseline 0.002 -23"><span class='ocrx_word' id='word_1_71' title='bbox 199 1183 364 1262; x_wconf 78' lang='lat' dir='ltr'><strong>praetoriae</strong></span> <span class='ocrx_word' id='word_1_72' title='bbox 386 1183 526 1257; x_wconf 81' lang='lat' dir='ltr'><strong>indicant,</strong></span> <span class='ocrx_word' id='word_1_73' title='bbox 549 1185 600 1245; x_wconf 88' lang='lat' dir='ltr'><strong>sed</strong></span> <span class='ocrx_word' id='word_1_74' title='bbox 622 1205 675 1264; x_wconf 90' lang='lat' dir='ltr'><strong>pro</strong></span> <span class='ocrx_word' id='word_1_75' title='bbox 697 1185 794 1264; x_wconf 84' lang='lat' dir='ltr'><strong>plagis</strong></span> <span class='ocrx_word' id='word_1_76' title='bbox 817 1194 976 1265; x_wconf 90' lang='lat' dir='ltr'><strong>ponuntur,</strong></span> <span class='ocrx_word' id='word_1_77' title='bbox 999 1206 1076 1265; x_wconf 90' lang='lat' dir='ltr'><strong>quae</strong></span> <span class='ocrx_word' id='word_1_78' title='bbox 1097 1185 1248 1247; x_wconf 81' lang='lat' dir='ltr'><strong>securibus</strong></span> <span class='ocrx_word' id='word_1_79' title='bbox 1261 1184 1450 1264; x_wconf 83' lang='lat' dir='ltr'><strong>infligantur</strong></span> 
     </span>
     <span class='ocr_line' id='line_1_10' title="bbox 199 1269 1445 1372; baseline 0 -42"><span class='ocrx_word' id='word_1_80' title='bbox 199 1269 312 1331; x_wconf 80' lang='lat' dir='ltr'><strong>Similis</strong></span> <span class='ocrx_word' id='word_1_81' title='bbox 341 1277 386 1329; x_wconf 85' lang='lat' dir='ltr'><strong>est</strong></span> <span class='ocrx_word' id='word_1_82' title='bbox 406 1269 482 1330; x_wconf 91' lang='lat' dir='ltr'><strong>ratio</strong></span> <span class='ocrx_word' id='word_1_83' title='bbox 504 1270 608 1370; x_wconf 80' lang='lat' dir='ltr'><strong>horum</strong></span> <span class='ocrx_word' id='word_1_84' title='bbox 631 1271 778 1372; x_wconf 76' lang='lat' dir='ltr'><strong>locorum:</strong></span> <span class='ocrx_word' id='word_1_85' title='bbox 807 1271 870 1333; x_wconf 88' lang='lat' dir='ltr'><strong>har.</strong></span> <span class='ocrx_word' id='word_1_86' title='bbox 892 1293 915 1332; x_wconf 91' lang='lat' dir='ltr'><strong>r.</strong></span> <span class='ocrx_word' id='word_1_87' title='bbox 939 1277 978 1335; x_wconf 92' lang='lat'><strong>55</strong></span> <span class='ocrx_word' id='word_1_88' title='bbox 1000 1272 1111 1354; x_wconf 85' lang='lat' dir='ltr'><strong>plenus</strong></span> <span class='ocrx_word' id='word_1_89' title='bbox 1133 1273 1239 1354; x_wconf 81' lang='lat' dir='ltr'><strong>stupri,</strong></span> <span class='ocrx_word' id='word_1_90' title='bbox 1262 1273 1333 1344; x_wconf 89' lang='grc'>5555,</span> <span class='ocrx_word' id='word_1_91' title='bbox 1336 1272 1445 1337; x_wconf 89' lang='lat' dir='ltr'><strong>Dem</strong></span> 
     </span>
     <span class='ocr_line' id='line_1_11' title="bbox 198 1345 1447 1439; baseline 0.003 -23"><span class='ocrx_word' id='word_1_92' title='bbox 198 1356 300 1430; x_wconf 86' lang='lat' dir='ltr'><strong>XXI,</strong></span> <span class='ocrx_word' id='word_1_93' title='bbox 335 1361 396 1418; x_wconf 90' lang='lat'><strong>180</strong></span> <span class='ocrx_word' id='word_1_94' title='bbox 430 1345 536 1420; x_wconf 79' lang='grc' dir='ltr'><em>ἐδόκει</em></span> <span class='ocrx_word' id='word_1_95' title='bbox 564 1349 623 1421; x_wconf 84' lang='grc' dir='ltr'><strong>οὐκ</strong></span> <span class='ocrx_word' id='word_1_96' title='bbox 645 1355 722 1434; x_wconf 84' lang='grc'>55555</span> <span class='ocrx_word' id='word_1_97' title='bbox 744 1351 880 1421; x_wconf 75' lang='grc' dir='ltr'><strong><em>τύπτειν</em></strong></span> <span class='ocrx_word' id='word_1_98' title='bbox 903 1359 950 1436; x_wconf 86' lang='lat' dir='ltr'><strong>(of</strong></span> <span class='ocrx_word' id='word_1_99' title='bbox 977 1361 1045 1439; x_wconf 89' lang='lat'><strong>74);</strong></span> <span class='ocrx_word' id='word_1_100' title='bbox 1076 1361 1181 1438; x_wconf 90' lang='lat' dir='ltr'>Pomp</span> <span class='ocrx_word' id='word_1_101' title='bbox 1204 1363 1246 1421; x_wconf 89' lang='lat'><strong>40</strong></span> <span class='ocrx_word' id='word_1_102' title='bbox 1269 1377 1331 1420; x_wconf 88' lang='grc'>5555</span> <span class='ocrx_word' id='word_1_103' title='bbox 1354 1358 1447 1420; x_wconf 85' lang='grc'>51555-</span> 
     </span>
     <span class='ocr_line' id='line_1_12' title="bbox 200 1441 1447 1526; baseline 0.002 -24"><span class='ocrx_word' id='word_1_104' title='bbox 200 1444 341 1502; x_wconf 83' lang='grc'>55555-</span> <span class='ocrx_word' id='word_1_105' title='bbox 367 1441 454 1503; x_wconf 86' lang='lat' dir='ltr'><strong>tabor</strong></span> <span class='ocrx_word' id='word_1_106' title='bbox 476 1445 518 1504; x_wconf 89' lang='grc'><strong>555</strong></span> <span class='ocrx_word' id='word_1_107' title='bbox 544 1445 626 1526; x_wconf 80' lang='lat' dir='ltr'><strong>quiet</strong></span> <span class='ocrx_word' id='word_1_108' title='bbox 628 1463 675 1505; x_wconf 90' lang='lat' dir='ltr'><strong>em</strong></span> <span class='ocrx_word' id='word_1_109' title='bbox 696 1443 797 1506; x_wconf 87' lang='lat' dir='ltr'><strong>Flacc.</strong></span> <span class='ocrx_word' id='word_1_110' title='bbox 823 1450 862 1506; x_wconf 86' lang='lat'><strong>35</strong></span> <span class='ocrx_word' id='word_1_111' title='bbox 887 1445 1055 1506; x_wconf 85' lang='lat' dir='ltr'><strong>trucidatas</strong></span> <span class='ocrx_word' id='word_1_112' title='bbox 1083 1444 1225 1506; x_wconf 85' lang='lat' dir='ltr'><strong>incendio</strong></span> <span class='ocrx_word' id='word_1_113' title='bbox 1249 1444 1278 1525; x_wconf 88' lang='lat' dir='ltr'><strong>(i</strong></span> <span class='ocrx_word' id='word_1_114' title='bbox 1306 1465 1331 1505; x_wconf 90' lang='lat' dir='ltr'><strong>e.</strong></span> <span class='ocrx_word' id='word_1_115' title='bbox 1354 1445 1447 1505; x_wconf 88' lang='lat' dir='ltr'><strong>ruinis</strong></span> 
     </span>
     <span class='ocr_line' id='line_1_13' title="bbox 199 1527 1445 1615; baseline 0.004 -28"><span class='ocrx_word' id='word_1_116' title='bbox 199 1528 335 1588; x_wconf 90' lang='lat' dir='ltr'><strong>incendio</strong></span> <span class='ocrx_word' id='word_1_117' title='bbox 363 1529 461 1608; x_wconf 88' lang='lat' dir='ltr'><strong>factis)</strong></span> <span class='ocrx_word' id='word_1_118' title='bbox 490 1531 614 1610; x_wconf 87' lang='lat' dir='ltr'><strong>patriae</strong></span> <span class='ocrx_word' id='word_1_119' title='bbox 646 1531 787 1612; x_wconf 81' lang='grc'>55555555;</span> <span class='ocrx_word' id='word_1_120' title='bbox 820 1532 904 1593; x_wconf 87' lang='lat' dir='ltr'><strong>Dem</strong></span> <span class='ocrx_word' id='word_1_121' title='bbox 928 1532 1024 1605; x_wconf 93' lang='lat' dir='ltr'><strong>XIV,</strong></span> <span class='ocrx_word' id='word_1_122' title='bbox 1055 1538 1073 1594; x_wconf 89' lang='grc'><strong>5</strong></span> <span class='ocrx_word' id='word_1_123' title='bbox 1102 1527 1183 1595; x_wconf 77' lang='grc'>55555</span> <span class='ocrx_word' id='word_1_124' title='bbox 1185 1551 1273 1610; x_wconf 83' lang='grc' dir='ltr'><em>μους</em></span> <span class='ocrx_word' id='word_1_125' title='bbox 1294 1527 1445 1615; x_wconf 76' lang='grc' dir='ltr'><strong><em>ἐπανορ-</em></strong></span> 
     </span>
     <span class='ocr_line' id='line_1_14' title="bbox 198 1613 1446 1697; baseline -0.001 -18"><span class='ocrx_word' id='word_1_126' title='bbox 198 1613 334 1692; x_wconf 70' lang='grc' dir='ltr'>θῶσαι,</span> <span class='ocrx_word' id='word_1_127' title='bbox 364 1616 440 1676; x_wconf 92' lang='lat' dir='ltr'><strong>Hor.</strong></span> <span class='ocrx_word' id='word_1_128' title='bbox 463 1625 519 1676; x_wconf 84' lang='lat' dir='ltr'><strong>sat.</strong></span> <span class='ocrx_word' id='word_1_129' title='bbox 545 1624 571 1690; x_wconf 96' lang='grc'><strong>1,</strong></span> <span class='ocrx_word' id='word_1_130' title='bbox 598 1622 632 1690; x_wconf 90' lang='grc'><strong>1,</strong></span> <span class='ocrx_word' id='word_1_131' title='bbox 658 1623 696 1678; x_wconf 94' lang='grc'><strong>12</strong></span> <span class='ocrx_word' id='word_1_132' title='bbox 721 1616 754 1680; x_wconf 85' lang='lat' dir='ltr'><strong><em>S</em></strong></span> <span class='ocrx_word' id='word_1_133' title='bbox 755 1617 870 1679; x_wconf 87' lang='grc'>5555</span> <span class='ocrx_word' id='word_1_134' title='bbox 821 1619 882 1697; x_wconf 72' lang='grc'><strong>55</strong></span> <span class='ocrx_word' id='word_1_135' title='bbox 872 1637 947 1692; x_wconf 90' lang='grc'>5555</span> <span class='ocrx_word' id='word_1_136' title='bbox 969 1618 1055 1697; x_wconf 89' lang='lat' dir='ltr'><strong>epod</strong></span> <span class='ocrx_word' id='word_1_137' title='bbox 1079 1615 1446 1691; x_wconf 87' lang='grc'>14,1155555·55555555</span> 
     </span>
     <span class='ocr_line' id='line_1_15' title="bbox 200 1699 594 1782; baseline 0 -20"><span class='ocrx_word' id='word_1_138' title='bbox 200 1699 392 1763; x_wconf 79' lang='lat' dir='ltr'><strong>elaboratum</strong></span> <span class='ocrx_word' id='word_1_139' title='bbox 414 1703 456 1763; x_wconf 88' lang='lat' dir='ltr'><strong>ud</strong></span> <span class='ocrx_word' id='word_1_140' title='bbox 477 1701 594 1782; x_wconf 84' lang='lat' dir='ltr'><strong>pedem.</strong></span> 
     </span>
    </p>

    <p class='ocr_par' dir='ltr' id='par_1_3' title="bbox 171 1788 1447 3256">
     <span class='ocr_line' id='line_1_16' title="bbox 302 1788 1447 1870; baseline 0.001 -22"><span class='ocrx_word' id='word_1_141' title='bbox 302 1788 418 1849; x_wconf 85' lang='lat' dir='ltr'><strong>Eadem</strong></span> <span class='ocrx_word' id='word_1_142' title='bbox 440 1789 516 1849; x_wconf 86' lang='lat' dir='ltr'><strong>ratio</strong></span> <span class='ocrx_word' id='word_1_143' title='bbox 538 1810 614 1869; x_wconf 89' lang='lat' dir='ltr'><strong>quae</strong></span> <span class='ocrx_word' id='word_1_144' title='bbox 636 1811 744 1852; x_wconf 86' lang='lat' dir='ltr'><strong>causae</strong></span> <span class='ocrx_word' id='word_1_145' title='bbox 765 1812 833 1852; x_wconf 92' lang='lat' dir='ltr'><strong>cum</strong></span> <span class='ocrx_word' id='word_1_146' title='bbox 855 1811 897 1864; x_wconf 88' lang='lat' dir='ltr'><strong>eo,</strong></span> <span class='ocrx_word' id='word_1_147' title='bbox 920 1791 999 1870; x_wconf 90' lang='lat' dir='ltr'><strong>quod</strong></span> <span class='ocrx_word' id='word_1_148' title='bbox 1021 1811 1059 1851; x_wconf 87' lang='lat' dir='ltr'><strong>ex</strong></span> <span class='ocrx_word' id='word_1_149' title='bbox 1081 1811 1117 1851; x_wconf 91' lang='lat' dir='ltr'><strong>ea</strong></span> <span class='ocrx_word' id='word_1_150' title='bbox 1138 1789 1270 1864; x_wconf 88' lang='lat' dir='ltr'><strong>efficitur,</strong></span> <span class='ocrx_word' id='word_1_151' title='bbox 1292 1788 1447 1851; x_wconf 80' lang='lat' dir='ltr'><strong>intercedit</strong></span> 
     </span>
     <span class='ocr_line' id='line_1_17' title="bbox 198 1874 1444 1957; baseline 0.002 -24"><span class='ocrx_word' id='word_1_152' title='bbox 198 1895 315 1953; x_wconf 91' lang='lat' dir='ltr'><strong>quoque</strong></span> <span class='ocrx_word' id='word_1_153' title='bbox 349 1875 533 1936; x_wconf 88' lang='lat' dir='ltr'><strong>substantiae</strong></span> <span class='ocrx_word' id='word_1_154' title='bbox 562 1897 629 1937; x_wconf 90' lang='lat' dir='ltr'><strong>oum</strong></span> <span class='ocrx_word' id='word_1_155' title='bbox 656 1876 811 1939; x_wconf 87' lang='lat' dir='ltr'><strong>accidenti.</strong></span> <span class='ocrx_word' id='word_1_156' title='bbox 860 1878 929 1938; x_wconf 91' lang='lat' dir='ltr'><strong>Has</strong></span> <span class='ocrx_word' id='word_1_157' title='bbox 960 1885 1060 1938; x_wconf 88' lang='lat' dir='ltr'><strong>autem</strong></span> <span class='ocrx_word' id='word_1_158' title='bbox 1089 1877 1169 1957; x_wconf 86' lang='lat' dir='ltr'><strong>ipsas</strong></span> <span class='ocrx_word' id='word_1_159' title='bbox 1198 1876 1333 1937; x_wconf 88' lang='lat' dir='ltr'><strong>notiones</strong></span> <span class='ocrx_word' id='word_1_160' title='bbox 1355 1874 1444 1936; x_wconf 89' lang='lat' dir='ltr'><strong>latius</strong></span> 
     </span>
     <span class='ocr_line' id='line_1_18' title="bbox 198 1961 1445 2044; baseline 0.001 -24"><span class='ocrx_word' id='word_1_161' title='bbox 198 1981 289 2040; x_wconf 89' lang='lat' dir='ltr'><strong>quam</strong></span> <span class='ocrx_word' id='word_1_162' title='bbox 318 1961 487 2041; x_wconf 86' lang='lat' dir='ltr'><strong>philosophi</strong></span> <span class='ocrx_word' id='word_1_163' title='bbox 515 1961 611 2023; x_wconf 90' lang='lat' dir='ltr'><strong>solent</strong></span> <span class='ocrx_word' id='word_1_164' title='bbox 639 1963 687 2024; x_wconf 89' lang='lat' dir='ltr'><strong>hie</strong></span> <span class='ocrx_word' id='word_1_165' title='bbox 717 1965 872 2044; x_wconf 88' lang='lat' dir='ltr'><strong>accipiam.</strong></span> <span class='ocrx_word' id='word_1_166' title='bbox 905 1964 947 2030; x_wconf 91' lang='lat' dir='ltr'><strong>V.</strong></span> <span class='ocrx_word' id='word_1_167' title='bbox 972 1970 1007 2037; x_wconf 91' lang='grc'><strong>2,</strong></span> <span class='ocrx_word' id='word_1_168' title='bbox 1042 1968 1081 2026; x_wconf 89' lang='grc'><strong>37</strong></span> <span class='ocrx_word' id='word_1_169' title='bbox 1105 1963 1263 2043; x_wconf 89' lang='lat' dir='ltr'><strong>reperitur:</strong></span> <span class='ocrx_word' id='word_1_170' title='bbox 1295 1962 1445 2024; x_wconf 83' lang='lat' dir='ltr'><strong>adiectum</strong></span> 
     </span>
     <span class='ocr_line' id='line_1_19' title="bbox 198 2047 1445 2131; baseline 0 -24"><span class='ocrx_word' id='word_1_171' title='bbox 198 2065 262 2110; x_wconf 86' lang='grc'>5555</span> <span class='ocrx_word' id='word_1_172' title='bbox 286 2047 407 2109; x_wconf 88' lang='lat' dir='ltr'><strong>oculum</strong></span> <span class='ocrx_word' id='word_1_173' title='bbox 428 2049 591 2110; x_wconf 79' lang='lat' dir='ltr'><strong>hereditati</strong></span> <span class='ocrx_word' id='word_1_174' title='bbox 613 2049 714 2130; x_wconf 89' lang='lat' dir='ltr'><strong>(cf.V.</strong></span> <span class='ocrx_word' id='word_1_175' title='bbox 739 2057 767 2124; x_wconf 88' lang='lat'><strong>5,</strong></span> <span class='ocrx_word' id='word_1_176' title='bbox 792 2050 860 2131; x_wconf 80' lang='lat'><strong>35);</strong></span> <span class='ocrx_word' id='word_1_177' title='bbox 882 2071 977 2130; x_wconf 88' lang='lat' dir='ltr'><strong>neque</strong></span> <span class='ocrx_word' id='word_1_178' title='bbox 999 2050 1078 2110; x_wconf 89' lang='lat' dir='ltr'><strong>enim</strong></span> <span class='ocrx_word' id='word_1_179' title='bbox 1100 2048 1202 2111; x_wconf 86' lang='lat' dir='ltr'><strong>oculus</strong></span> <span class='ocrx_word' id='word_1_180' title='bbox 1224 2049 1256 2108; x_wconf 91' lang='lat' dir='ltr'><strong>in</strong></span> <span class='ocrx_word' id='word_1_181' title='bbox 1273 2069 1335 2109; x_wconf 91' lang='lat' dir='ltr'><strong>rem</strong></span> <span class='ocrx_word' id='word_1_182' title='bbox 1357 2048 1445 2109; x_wconf 91' lang='lat' dir='ltr'><strong>conii·</strong></span> 
     </span>
     <span class='ocr_line' id='line_1_20' title="bbox 197 2132 1444 2215; baseline 0.002 -22"><span class='ocrx_word' id='word_1_183' title='bbox 197 2132 280 2207; x_wconf 90' lang='lat' dir='ltr'><strong>citur,</strong></span> <span class='ocrx_word' id='word_1_184' title='bbox 304 2134 356 2194; x_wconf 90' lang='lat' dir='ltr'><strong>sed</strong></span> <span class='ocrx_word' id='word_1_185' title='bbox 378 2134 455 2195; x_wconf 87' lang='lat' dir='ltr'><strong>actio</strong></span> <span class='ocrx_word' id='word_1_186' title='bbox 477 2135 539 2196; x_wconf 91' lang='lat' dir='ltr'><strong>eius</strong></span> <span class='ocrx_word' id='word_1_187' title='bbox 561 2135 796 2215; x_wconf 81' lang='lat' dir='ltr'><strong>illucdirigitur3</strong></span> <span class='ocrx_word' id='word_1_188' title='bbox 820 2136 955 2198; x_wconf 87' lang='lat' dir='ltr'><strong>similiter</strong></span> <span class='ocrx_word' id='word_1_189' title='bbox 968 2136 1088 2210; x_wconf 83' lang='lat' dir='ltr'><strong>Catss,</strong></span> <span class='ocrx_word' id='word_1_190' title='bbox 1106 2142 1146 2199; x_wconf 87' lang='grc'><strong>10</strong></span> <span class='ocrx_word' id='word_1_191' title='bbox 1168 2155 1201 2196; x_wconf 90' lang='lat' dir='ltr'><strong>m</strong></span> <span class='ocrx_word' id='word_1_192' title='bbox 1222 2135 1293 2196; x_wconf 87' lang='grc'>55555</span> <span class='ocrx_word' id='word_1_193' title='bbox 1318 2141 1345 2196; x_wconf 87' lang='grc'><strong>55</strong></span> <span class='ocrx_word' id='word_1_194' title='bbox 1368 2135 1444 2207; x_wconf 87' lang='grc'>5555,</span> 
     </span>
     <span class='ocr_line' id='line_1_21' title="bbox 196 2219 1444 2300; baseline 0.002 -21"><span class='ocrx_word' id='word_1_195' title='bbox 196 2219 258 2281; x_wconf 84' lang='grc' dir='ltr'>Ρ15.</span> <span class='ocrx_word' id='word_1_196' title='bbox 283 2225 323 2280; x_wconf 87' lang='grc'><strong>42</strong></span> <span class='ocrx_word' id='word_1_197' title='bbox 347 2221 380 2281; x_wconf 91' lang='lat' dir='ltr'><strong>in</strong></span> <span class='ocrx_word' id='word_1_198' title='bbox 403 2220 468 2283; x_wconf 82' lang='lat' dir='ltr'><strong>cibo</strong></span> <span class='ocrx_word' id='word_1_199' title='bbox 492 2227 521 2282; x_wconf 89' lang='lat' dir='ltr'><strong>et</strong></span> <span class='ocrx_word' id='word_1_200' title='bbox 542 2223 622 2295; x_wconf 87' lang='grc'>55555,</span> <span class='ocrx_word' id='word_1_201' title='bbox 644 2222 725 2282; x_wconf 87' lang='lat' dir='ltr'><strong>Tull.</strong></span> <span class='ocrx_word' id='word_1_202' title='bbox 750 2228 791 2284; x_wconf 83' lang='lat'><strong>42</strong></span> <span class='ocrx_word' id='word_1_203' title='bbox 815 2225 995 2300; x_wconf 68' lang='lat' dir='ltr'><strong>sanquinem</strong></span> <span class='ocrx_word' id='word_1_204' title='bbox 1024 2223 1057 2283; x_wconf 92' lang='lat' dir='ltr'><strong>in</strong></span> <span class='ocrx_word' id='word_1_205' title='bbox 1079 2223 1227 2284; x_wconf 86' lang='lat' dir='ltr'><strong>iudicium</strong></span> <span class='ocrx_word' id='word_1_206' title='bbox 1248 2224 1367 2299; x_wconf 86' lang='grc'>5555555,</span> <span class='ocrx_word' id='word_1_207' title='bbox 1389 2220 1444 2282; x_wconf 84' lang='grc' dir='ltr'>Ρ15.</span> 
     </span>
     <span class='ocr_line' id='line_1_22' title="bbox 196 2305 1444 2392; baseline 0.002 -26"><span class='ocrx_word' id='word_1_208' title='bbox 196 2305 289 2381; x_wconf 92' lang='lat' dir='ltr'><strong>XIII,</strong></span> <span class='ocrx_word' id='word_1_209' title='bbox 323 2312 364 2370; x_wconf 88' lang='lat'><strong>30</strong></span> <span class='ocrx_word' id='word_1_210' title='bbox 393 2314 540 2369; x_wconf 89' lang='lat' dir='ltr'><strong>sectorem</strong></span> <span class='ocrx_word' id='word_1_211' title='bbox 563 2307 691 2390; x_wconf 83' lang='lat' dir='ltr'><strong>Pompei</strong></span> <span class='ocrx_word' id='word_1_212' title='bbox 723 2309 770 2388; x_wconf 76' lang='lat' dir='ltr'><strong>(of.</strong></span> <span class='ocrx_word' id='word_1_213' title='bbox 794 2309 850 2372; x_wconf 89' lang='lat' dir='ltr'><strong>Ph.</strong></span> <span class='ocrx_word' id='word_1_214' title='bbox 874 2310 922 2384; x_wconf 95' lang='lat' dir='ltr'><strong>II,</strong></span> <span class='ocrx_word' id='word_1_215' title='bbox 947 2309 1013 2392; x_wconf 87' lang='lat'><strong>78),</strong></span> <span class='ocrx_word' id='word_1_216' title='bbox 1037 2310 1076 2372; x_wconf 91' lang='lat' dir='ltr'><strong>V.</strong></span> <span class='ocrx_word' id='word_1_217' title='bbox 1100 2309 1125 2382; x_wconf 93' lang='grc' dir='ltr'><strong>Ι,</strong></span> <span class='ocrx_word' id='word_1_218' title='bbox 1151 2315 1189 2370; x_wconf 94' lang='grc'><strong>11</strong></span> <span class='ocrx_word' id='word_1_219' title='bbox 1213 2315 1380 2391; x_wconf 85' lang='lat' dir='ltr'><strong>quaestura</strong></span> <span class='ocrx_word' id='word_1_220' title='bbox 1403 2342 1444 2352; x_wconf 92' lang='lat'><strong>-—</strong></span> 
     </span>
     <span class='ocr_line' id='line_1_23' title="bbox 197 2391 1443 2476; baseline 0.001 -23"><span class='ocrx_word' id='word_1_221' title='bbox 197 2391 286 2455; x_wconf 87' lang='grc'>5555555</span> <span class='ocrx_word' id='word_1_222' title='bbox 306 2395 340 2454; x_wconf 89' lang='grc'><strong>55</strong></span> <span class='ocrx_word' id='word_1_223' title='bbox 366 2413 398 2454; x_wconf 89' lang='grc'><strong>55</strong></span> <span class='ocrx_word' id='word_1_224' title='bbox 423 2392 596 2457; x_wconf 80' lang='lat' dir='ltr'><strong>Carbonem</strong></span> <span class='ocrx_word' id='word_1_225' title='bbox 624 2396 805 2476; x_wconf 89' lang='lat' dir='ltr'><strong>spoliatum,</strong></span> <span class='ocrx_word' id='word_1_226' title='bbox 827 2396 869 2459; x_wconf 92' lang='lat' dir='ltr'><strong>V.</strong></span> <span class='ocrx_word' id='word_1_227' title='bbox 893 2401 922 2472; x_wconf 89' lang='grc'><strong>4,</strong></span> <span class='ocrx_word' id='word_1_228' title='bbox 948 2402 1009 2459; x_wconf 90' lang='grc'><strong>120</strong></span> <span class='ocrx_word' id='word_1_229' title='bbox 1031 2395 1073 2457; x_wconf 87' lang='lat' dir='ltr'><strong>nd</strong></span> <span class='ocrx_word' id='word_1_230' title='bbox 1095 2394 1277 2456; x_wconf 87' lang='lat' dir='ltr'><strong>Marcellum</strong></span> <span class='ocrx_word' id='word_1_231' title='bbox 1294 2401 1443 2470; x_wconf 87' lang='lat' dir='ltr'><strong>reuertar,</strong></span> 
     </span>
     <span class='ocr_line' id='line_1_24' title="bbox 196 2480 1443 2564; baseline -0.002 -23"><span class='ocrx_word' id='word_1_232' title='bbox 196 2481 280 2541; x_wconf 90' lang='lat' dir='ltr'><strong>euius</strong></span> <span class='ocrx_word' id='word_1_233' title='bbox 301 2503 330 2560; x_wconf 87' lang='lat' dir='ltr'><strong>g.</strong></span> <span class='ocrx_word' id='word_1_234' title='bbox 345 2480 483 2561; x_wconf 84' lang='lat' dir='ltr'><strong>exempla</strong></span> <span class='ocrx_word' id='word_1_235' title='bbox 497 2480 727 2543; x_wconf 87' lang='lat' dir='ltr'><strong>innumerabilia</strong></span> <span class='ocrx_word' id='word_1_236' title='bbox 747 2491 824 2556; x_wconf 90' lang='lat' dir='ltr'><strong>sunt,</strong></span> <span class='ocrx_word' id='word_1_237' title='bbox 843 2483 937 2548; x_wconf 90' lang='lat' dir='ltr'><strong>Aroh</strong></span> <span class='ocrx_word' id='word_1_238' title='bbox 953 2489 992 2546; x_wconf 94' lang='lat'><strong>10</strong></span> <span class='ocrx_word' id='word_1_239' title='bbox 1015 2484 1109 2544; x_wconf 88' lang='lat' dir='ltr'><strong>ceteri</strong></span> <span class='ocrx_word' id='word_1_240' title='bbox 1130 2482 1310 2564; x_wconf 78' lang='lat' dir='ltr'><strong>irrepserint</strong></span> <span class='ocrx_word' id='word_1_241' title='bbox 1332 2481 1443 2560; x_wconf 90' lang='lat' dir='ltr'><strong>(eorum</strong></span> 
     </span>
     <span class='ocr_line' id='line_1_25' title="bbox 196 2567 1445 2648; baseline 0.001 -22"><span class='ocrx_word' id='word_1_242' title='bbox 196 2568 336 2647; x_wconf 83' lang='lat' dir='ltr'><strong>nomina),</strong></span> <span class='ocrx_word' id='word_1_243' title='bbox 367 2567 407 2630; x_wconf 93' lang='lat' dir='ltr'><strong>V</strong></span> <span class='ocrx_word' id='word_1_244' title='bbox 439 2573 466 2641; x_wconf 90' lang='grc'><strong>2,</strong></span> <span class='ocrx_word' id='word_1_245' title='bbox 498 2573 538 2631; x_wconf 91' lang='grc'><strong>64</strong></span> <span class='ocrx_word' id='word_1_246' title='bbox 568 2568 693 2648; x_wconf 89' lang='lat' dir='ltr'><strong>epistola</strong></span> <span class='ocrx_word' id='word_1_247' title='bbox 727 2575 823 2630; x_wconf 89' lang='lat' dir='ltr'><strong>tatum</strong></span> <span class='ocrx_word' id='word_1_248' title='bbox 852 2571 1030 2630; x_wconf 83' lang='lat' dir='ltr'><strong>immutarat</strong></span> <span class='ocrx_word' id='word_1_249' title='bbox 1061 2569 1229 2645; x_wconf 78' lang='lat' dir='ltr'><strong>bominem,</strong></span> <span class='ocrx_word' id='word_1_250' title='bbox 1257 2567 1299 2629; x_wconf 95' lang='lat' dir='ltr'><strong>V</strong></span> <span class='ocrx_word' id='word_1_251' title='bbox 1323 2570 1445 2641; x_wconf 86' lang='lat'><strong>5,184</strong></span> 
     </span>
     <span class='ocr_line' id='line_1_26' title="bbox 195 2651 1446 2736; baseline -0.001 -23"><span class='ocrx_word' id='word_1_252' title='bbox 195 2651 347 2725; x_wconf 84' lang='lat' dir='ltr'><strong>Minerua,</strong></span> <span class='ocrx_word' id='word_1_253' title='bbox 370 2673 463 2736; x_wconf 84' lang='lat' dir='ltr'><strong>quam</strong></span> <span class='ocrx_word' id='word_1_254' title='bbox 486 2655 649 2736; x_wconf 82' lang='lat' dir='ltr'><strong>eupitucit,</strong></span> <span class='ocrx_word' id='word_1_255' title='bbox 681 2656 738 2720; x_wconf 92' lang='lat' dir='ltr'><strong>Ph</strong></span> <span class='ocrx_word' id='word_1_256' title='bbox 762 2655 809 2730; x_wconf 95' lang='lat' dir='ltr'><strong>II,</strong></span> <span class='ocrx_word' id='word_1_257' title='bbox 836 2660 877 2717; x_wconf 89' lang='grc'><strong>43</strong></span> <span class='ocrx_word' id='word_1_258' title='bbox 900 2675 1029 2717; x_wconf 63' lang='lat' dir='ltr'><strong>noouse</strong></span> <span class='ocrx_word' id='word_1_259' title='bbox 1022 2655 1152 2734; x_wconf 74' lang='lat' dir='ltr'><strong>ueniam,</strong></span> <span class='ocrx_word' id='word_1_260' title='bbox 1175 2654 1253 2718; x_wconf 90' lang='lat' dir='ltr'><strong>dom</strong></span> <span class='ocrx_word' id='word_1_261' title='bbox 1280 2658 1320 2716; x_wconf 89' lang='lat'><strong>20</strong></span> <span class='ocrx_word' id='word_1_262' title='bbox 1343 2672 1446 2732; x_wconf 78' lang='lat' dir='ltr'><strong>repam</strong></span> 
     </span>
     <span class='ocr_line' id='line_1_27' title="bbox 171 2735 1444 2839; baseline -0.002 -37"><span class='ocrx_word' id='word_1_263' title='bbox 171 2738 295 2822; x_wconf 80' lang='lat' dir='ltr'><strong>·Cppri</strong></span> <span class='ocrx_word' id='word_1_264' title='bbox 313 2740 503 2823; x_wconf 84' lang='lat' dir='ltr'><strong>publicasses</strong></span> <span class='ocrx_word' id='word_1_265' title='bbox 532 2741 581 2822; x_wconf 85' lang='lat' dir='ltr'><strong>(cf.</strong></span> <span class='ocrx_word' id='word_1_266' title='bbox 604 2735 678 2806; x_wconf 83' lang='lat' dir='ltr'><strong>Sest</strong></span> <span class='ocrx_word' id='word_1_267' title='bbox 702 2743 762 2819; x_wconf 87' lang='lat'><strong>57),</strong></span> <span class='ocrx_word' id='word_1_268' title='bbox 784 2762 868 2821; x_wconf 90' lang='lat' dir='ltr'><strong>prov.</strong></span> <span class='ocrx_word' id='word_1_269' title='bbox 892 2762 918 2803; x_wconf 90' lang='lat' dir='ltr'><strong>c.</strong></span> <span class='ocrx_word' id='word_1_270' title='bbox 944 2746 982 2804; x_wconf 88' lang='lat'><strong>13</strong></span> <span class='ocrx_word' id='word_1_271' title='bbox 1009 2738 1248 2839; x_wconf 81' lang='lat' dir='ltr'><strong>publicanorum</strong></span> <span class='ocrx_word' id='word_1_272' title='bbox 1277 2741 1400 2812; x_wconf 90' lang='lat' dir='ltr'><strong>ruinas,</strong></span> <span class='ocrx_word' id='word_1_273' title='bbox 1423 2739 1444 2804; x_wconf 96' lang='lat' dir='ltr'><strong>l.</strong></span> 
     </span>
     <span class='ocr_line' id='line_1_28' title="bbox 197 2825 1443 2909; baseline -0.002 -21"><span class='ocrx_word' id='word_1_274' title='bbox 197 2847 224 2888; x_wconf 90' lang='lat' dir='ltr'><strong>a.</strong></span> <span class='ocrx_word' id='word_1_275' title='bbox 248 2828 272 2901; x_wconf 94' lang='grc' dir='ltr'><strong>Ι,</strong></span> <span class='ocrx_word' id='word_1_276' title='bbox 298 2833 335 2888; x_wconf 94' lang='grc'><strong>11</strong></span> <span class='ocrx_word' id='word_1_277' title='bbox 359 2846 446 2906; x_wconf 81' lang='lat' dir='ltr'><strong>repes</strong></span> <span class='ocrx_word' id='word_1_278' title='bbox 470 2826 665 2904; x_wconf 86' lang='grc'>5555555555,</span> <span class='ocrx_word' id='word_1_279' title='bbox 687 2827 769 2893; x_wconf 84' lang='lat' dir='ltr'><strong>Cael.</strong></span> <span class='ocrx_word' id='word_1_280' title='bbox 794 2827 971 2891; x_wconf 87' lang='lat' dir='ltr'><strong>3obiectus</strong></span> <span class='ocrx_word' id='word_1_281' title='bbox 994 2833 1038 2889; x_wconf 88' lang='grc'><strong>555</strong></span> <span class='ocrx_word' id='word_1_282' title='bbox 1057 2833 1147 2909; x_wconf 85' lang='lat' dir='ltr'><strong>pater</strong></span> <span class='ocrx_word' id='word_1_283' title='bbox 1169 2827 1263 2900; x_wconf 88' lang='lat' dir='ltr'><strong>oorie,</strong></span> <span class='ocrx_word' id='word_1_284' title='bbox 1285 2825 1386 2887; x_wconf 88' lang='lat' dir='ltr'><strong>Flacc</strong></span> <span class='ocrx_word' id='word_1_285' title='bbox 1404 2831 1443 2888; x_wconf 89' lang='grc'><strong>82</strong></span> 
     </span>
     <span class='ocr_line' id='line_1_29' title="bbox 196 2913 1445 2994; baseline -0.002 -20"><span class='ocrx_word' id='word_1_286' title='bbox 196 2919 230 2974; x_wconf 90' lang='grc'><strong>55</strong></span> <span class='ocrx_word' id='word_1_287' title='bbox 260 2921 292 2974; x_wconf 87' lang='grc'><strong>55</strong></span> <span class='ocrx_word' id='word_1_288' title='bbox 323 2933 363 2974; x_wconf 85' lang='lat' dir='ltr'><strong>eu</strong></span> <span class='ocrx_word' id='word_1_289' title='bbox 391 2932 530 2974; x_wconf 90' lang='lat' dir='ltr'><strong>sermone</strong></span> <span class='ocrx_word' id='word_1_290' title='bbox 568 2915 739 2994; x_wconf 84' lang='grc'>5555555555,</span> <span class='ocrx_word' id='word_1_291' title='bbox 774 2913 891 2976; x_wconf 79' lang='lat' dir='ltr'><strong>Cluent.</strong></span> <span class='ocrx_word' id='word_1_292' title='bbox 923 2920 963 2986; x_wconf 87' lang='grc'><strong>86</strong></span> <span class='ocrx_word' id='word_1_293' title='bbox 999 2915 1174 2976; x_wconf 79' lang='lat' dir='ltr'><strong>haerebit</strong></span> <span class='ocrx_word' id='word_1_294' title='bbox 1162 2933 1195 2974; x_wconf 93' lang='lat' dir='ltr'><strong>m</strong></span> <span class='ocrx_word' id='word_1_295' title='bbox 1225 2913 1335 2975; x_wconf 85' lang='lat' dir='ltr'><strong>tabulis</strong></span> <span class='ocrx_word' id='word_1_296' title='bbox 1366 2931 1445 2985; x_wconf 89' lang='grc'>5555,</span> 
     </span>
     <span class='ocr_line' id='line_1_30' title="bbox 196 2998 1437 3100; baseline -0.003 -39"><span class='ocrx_word' id='word_1_297' title='bbox 196 2999 264 3065; x_wconf 80' lang='lat' dir='ltr'><strong>Cat.</strong></span> <span class='ocrx_word' id='word_1_298' title='bbox 287 3000 312 3074; x_wconf 95' lang='lat' dir='ltr'><strong>I,</strong></span> <span class='ocrx_word' id='word_1_299' title='bbox 337 3005 376 3062; x_wconf 93' lang='grc'><strong>15</strong></span> <span class='ocrx_word' id='word_1_300' title='bbox 395 3000 561 3082; x_wconf 83' lang='lat' dir='ltr'><strong>petitiones</strong></span> <span class='ocrx_word' id='word_1_301' title='bbox 583 3019 711 3082; x_wconf 90' lang='lat' dir='ltr'><strong>corpore</strong></span> <span class='ocrx_word' id='word_1_302' title='bbox 735 3001 807 3100; x_wconf 52' lang='grc'>(1.5,</span> <span class='ocrx_word' id='word_1_303' title='bbox 830 3001 958 3080; x_wconf 86' lang='lat' dir='ltr'><strong>corporis</strong></span> <span class='ocrx_word' id='word_1_304' title='bbox 970 3000 1177 3078; x_wconf 88' lang='lat' dir='ltr'><strong>declinatione</strong></span> <span class='ocrx_word' id='word_1_305' title='bbox 1200 3001 1380 3080; x_wconf 62' lang='lat' dir='ltr'><strong>effugiit</strong></span> <span class='ocrx_word' id='word_1_306' title='bbox 1322 2998 1437 3064; x_wconf 81' lang='grc' dir='ltr'>05.ΙΙ</span> 
     </span>
     <span class='ocr_line' id='line_1_31' title="bbox 181 3005 1445 3158; baseline 0.002 -12"><span class='ocrx_word' id='word_1_307' title='bbox 181 3086 563 3151; x_wconf 75' lang='grc'>’105555555555555555</span> <span class='ocrx_word' id='word_1_308' title='bbox 593 3087 697 3148; x_wconf 86' lang='lat' dir='ltr'><strong>Plano.</strong></span> <span class='ocrx_word' id='word_1_309' title='bbox 723 3092 763 3150; x_wconf 88' lang='lat'><strong>30</strong></span> <span class='ocrx_word' id='word_1_310' title='bbox 794 3088 871 3148; x_wconf 90' lang='lat' dir='ltr'><strong>iacis</strong></span> <span class='ocrx_word' id='word_1_311' title='bbox 894 3084 1048 3149; x_wconf 86' lang='lat' dir='ltr'><strong>adulteria</strong></span> <span class='ocrx_word' id='word_1_312' title='bbox 1069 3096 1123 3154; x_wconf 89' lang='lat' dir='ltr'><strong>etc</strong></span> <span class='ocrx_word' id='word_1_313' title='bbox 1167 3005 1256 3147; x_wconf 85' lang='lat' dir='ltr'><strong>l)em.</strong></span> <span class='ocrx_word' id='word_1_314' title='bbox 1278 3084 1379 3158; x_wconf 88' lang='lat' dir='ltr'><strong>XLV,</strong></span> <span class='ocrx_word' id='word_1_315' title='bbox 1404 3047 1445 3148; x_wconf 88' lang='grc'><strong>59</strong></span> 
     </span>
     <span class='ocr_line' id='line_1_32' title="bbox 196 3164 1445 3277; baseline 0.001 -47"><span class='ocrx_word' id='word_1_316' title='bbox 196 3173 304 3233; x_wconf 79' lang='grc' dir='ltr'><em>κακῶν</em></span> <span class='ocrx_word' id='word_1_317' title='bbox 327 3164 527 3277; x_wconf 77' lang='grc'>5555555555</span> <span class='ocrx_word' id='word_1_318' title='bbox 534 3170 682 3257; x_wconf 71' lang='grc'>55555555,</span> <span class='ocrx_word' id='word_1_319' title='bbox 709 3174 800 3247; x_wconf 91' lang='lat' dir='ltr'><strong>XIX,</strong></span> <span class='ocrx_word' id='word_1_320' title='bbox 819 3179 882 3272; x_wconf 81' lang='grc'><strong>170</strong></span> <span class='ocrx_word' id='word_1_321' title='bbox 897 3167 1140 3272; x_wconf 74' lang='grc'>5555055555-</span> <span class='ocrx_word' id='word_1_322' title='bbox 1151 3167 1369 3272; x_wconf 65' lang='grc' dir='ltr'><strong>5555515555Ι</strong></span> <span class='ocrx_word' id='word_1_323' title='bbox 1343 3192 1445 3248; x_wconf 83' lang='grc'>555555,</span> 
     </span>
    </p>
   </div>
   <div class='ocr_carea' id='block_1_3' title="bbox 196 3231 1554 3359">
    <p class='ocr_par' dir='ltr' id='par_1_4' title="bbox 196 3231 1554 3359">
     <span class='ocr_line' id='line_1_33' title="bbox 196 3231 1554 3359; baseline -0.003 -39"><span class='ocrx_word' id='word_1_324' title='bbox 196 3259 259 3332; x_wconf 92' lang='lat' dir='ltr'><strong>IV,</strong></span> <span class='ocrx_word' id='word_1_325' title='bbox 296 3264 335 3321; x_wconf 90' lang='grc'><strong>25</strong></span> <span class='ocrx_word' id='word_1_326' title='bbox 368 3255 486 3359; x_wconf 68' lang='grc' dir='ltr'><em>γέλως</em></span> <span class='ocrx_word' id='word_1_327' title='bbox 511 3253 619 3339; x_wconf 79' lang='grc' dir='ltr'>ἐστίν,</span> <span class='ocrx_word' id='word_1_328' title='bbox 659 3260 738 3330; x_wconf 89' lang='lat' dir='ltr'><strong>XV,</strong></span> <span class='ocrx_word' id='word_1_329' title='bbox 783 3265 823 3321; x_wconf 92' lang='grc'><strong>14</strong></span> <span class='ocrx_word' id='word_1_330' title='bbox 864 3251 958 3335; x_wconf 77' lang='grc' dir='ltr'><em>ὅπως</em></span> <span class='ocrx_word' id='word_1_331' title='bbox 994 3231 1201 3335; x_wconf 74' lang='grc' dir='ltr'><strong><em>καταλύσωσι</em></strong></span> <span class='ocrx_word' id='word_1_332' title='bbox 1239 3250 1292 3322; x_wconf 78' lang='lat' dir='ltr'><strong>eir</strong></span> <span class='ocrx_word' id='word_1_333' title='bbox 1333 3257 1445 3342; x_wconf 80' lang='grc' dir='ltr'>δῆμον,</span> <span class='ocrx_word' id='word_1_334' title='bbox 1553 3263 1554 3312; x_wconf 71' lang='grc' dir='ltr'>ἶ</span> 
     </span>
    </p>
   </div>
   <div class='ocr_carea' id='block_1_4' title="bbox 195 3331 1456 4461">
    <p class='ocr_par' dir='ltr' id='par_1_5' title="bbox 195 3331 1456 4461">
     <span class='ocr_line' id='line_1_34' title="bbox 195 3331 1446 3429; baseline -0.002 -24"><span class='ocrx_word' id='word_1_335' title='bbox 195 3345 253 3419; x_wconf 92' lang='grc' dir='ltr'>ΙΧ,</span> <span class='ocrx_word' id='word_1_336' title='bbox 277 3350 319 3409; x_wconf 93' lang='grc'><strong>28</strong></span> <span class='ocrx_word' id='word_1_337' title='bbox 344 3337 616 3429; x_wconf 74' lang='grc' dir='ltr'><em>διορωρύγμεθα</em></span> <span class='ocrx_word' id='word_1_338' title='bbox 638 3346 771 3420; x_wconf 89' lang='lat' dir='ltr'><strong>XVIII,</strong></span> <span class='ocrx_word' id='word_1_339' title='bbox 797 3351 857 3409; x_wconf 87' lang='lat'><strong>130</strong></span> <span class='ocrx_word' id='word_1_340' title='bbox 881 3343 998 3428; x_wconf 70' lang='grc'>55555555</span> <span class='ocrx_word' id='word_1_341' title='bbox 1020 3331 1159 3428; x_wconf 73' lang='grc' dir='ltr'><strong>5555555,Ι</strong></span> <span class='ocrx_word' id='word_1_342' title='bbox 1177 3346 1228 3407; x_wconf 91' lang='lat' dir='ltr'><strong>sed</strong></span> <span class='ocrx_word' id='word_1_343' title='bbox 1249 3345 1323 3405; x_wconf 92' lang='lat' dir='ltr'><strong>haec</strong></span> <span class='ocrx_word' id='word_1_344' title='bbox 1345 3343 1446 3405; x_wconf 88' lang='lat' dir='ltr'><strong>omnia</strong></span> 
     </span>
     <span class='ocr_line' id='line_1_35' title="bbox 197 3395 1446 3533; baseline -0.002 -41"><span class='ocrx_word' id='word_1_345' title='bbox 197 3440 268 3492; x_wconf 91' lang='lat' dir='ltr'><strong>sunt</strong></span> <span class='ocrx_word' id='word_1_346' title='bbox 288 3432 419 3493; x_wconf 86' lang='lat' dir='ltr'><strong>maxime</strong></span> <span class='ocrx_word' id='word_1_347' title='bbox 441 3432 594 3533; x_wconf 78' lang='lat' dir='ltr'><strong>vulgaria3</strong></span> <span class='ocrx_word' id='word_1_348' title='bbox 624 3433 715 3494; x_wconf 86' lang='lat' dir='ltr'><strong>etiam</strong></span> <span class='ocrx_word' id='word_1_349' title='bbox 744 3395 776 3493; x_wconf 76' lang='lat' dir='ltr'><strong>iel</strong></span> <span class='ocrx_word' id='word_1_350' title='bbox 805 3433 876 3494; x_wconf 87' lang='lat' dir='ltr'><strong>satis</strong></span> <span class='ocrx_word' id='word_1_351' title='bbox 907 3433 1044 3512; x_wconf 83' lang='lat' dir='ltr'><strong>frequens</strong></span> <span class='ocrx_word' id='word_1_352' title='bbox 1066 3442 1180 3512; x_wconf 86' lang='lat' dir='ltr'><strong>estap.</strong></span> <span class='ocrx_word' id='word_1_353' title='bbox 1202 3432 1280 3506; x_wconf 82' lang='lat' dir='ltr'><strong>Cic,</strong></span> <span class='ocrx_word' id='word_1_354' title='bbox 1303 3451 1446 3529; x_wconf 90' lang='lat' dir='ltr'><strong>cumpro</strong></span> 
     </span>
     <span class='ocr_line' id='line_1_36' title="bbox 196 3516 1445 3599; baseline -0.001 -22"><span class='ocrx_word' id='word_1_355' title='bbox 196 3517 302 3580; x_wconf 87' lang='lat' dir='ltr'><strong>frontis</strong></span> <span class='ocrx_word' id='word_1_356' title='bbox 332 3519 532 3580; x_wconf 86' lang='lat' dir='ltr'><strong>contractione</strong></span> <span class='ocrx_word' id='word_1_357' title='bbox 561 3518 610 3581; x_wconf 88' lang='lat' dir='ltr'><strong>vel</strong></span> <span class='ocrx_word' id='word_1_358' title='bbox 639 3519 810 3580; x_wconf 90' lang='lat' dir='ltr'><strong>remissione</strong></span> <span class='ocrx_word' id='word_1_359' title='bbox 837 3519 886 3581; x_wconf 89' lang='lat' dir='ltr'><strong>vel</strong></span> <span class='ocrx_word' id='word_1_360' title='bbox 913 3539 967 3599; x_wconf 92' lang='lat' dir='ltr'><strong>pro</strong></span> <span class='ocrx_word' id='word_1_361' title='bbox 994 3519 1090 3580; x_wconf 81' lang='lat' dir='ltr'><strong>fronte</strong></span> <span class='ocrx_word' id='word_1_362' title='bbox 1118 3519 1158 3580; x_wconf 88' lang='lat' dir='ltr'><strong>ad</strong></span> <span class='ocrx_word' id='word_1_363' title='bbox 1184 3518 1277 3582; x_wconf 86' lang='lat' dir='ltr'><strong>severi</strong></span> <span class='ocrx_word' id='word_1_364' title='bbox 1279 3525 1370 3578; x_wconf 89' lang='lat' dir='ltr'><strong>tatem</strong></span> <span class='ocrx_word' id='word_1_365' title='bbox 1392 3516 1445 3576; x_wconf 90' lang='lat' dir='ltr'><strong>im-</strong></span> 
     </span>
     <span class='ocr_line' id='line_1_37' title="bbox 196 3602 1447 3685; baseline -0.002 -20"><span class='ocrx_word' id='word_1_366' title='bbox 196 3604 309 3684; x_wconf 85' lang='lat' dir='ltr'><strong>plicata</strong></span> <span class='ocrx_word' id='word_1_367' title='bbox 338 3614 394 3672; x_wconf 88' lang='lat' dir='ltr'><strong>etc.</strong></span> <span class='ocrx_word' id='word_1_368' title='bbox 416 3606 498 3667; x_wconf 82' lang='lat' dir='ltr'><strong>frons</strong></span> <span class='ocrx_word' id='word_1_369' title='bbox 527 3605 699 3685; x_wconf 89' lang='lat' dir='ltr'><strong>simpliciter</strong></span> <span class='ocrx_word' id='word_1_370' title='bbox 728 3606 848 3679; x_wconf 90' lang='lat' dir='ltr'><strong>dicitur,</strong></span> <span class='ocrx_word' id='word_1_371' title='bbox 877 3614 911 3666; x_wconf 93' lang='lat' dir='ltr'><strong>ut</strong></span> <span class='ocrx_word' id='word_1_372' title='bbox 933 3605 994 3667; x_wconf 85' lang='lat' dir='ltr'><strong>Cio.</strong></span> <span class='ocrx_word' id='word_1_373' title='bbox 1016 3627 1045 3685; x_wconf 95' lang='lat' dir='ltr'><strong>p.</strong></span> <span class='ocrx_word' id='word_1_374' title='bbox 1069 3626 1093 3672; x_wconf 91' lang='lat' dir='ltr'><strong>r.</strong></span> <span class='ocrx_word' id='word_1_375' title='bbox 1116 3627 1138 3668; x_wconf 82' lang='lat' dir='ltr'><strong>s.</strong></span> <span class='ocrx_word' id='word_1_376' title='bbox 1166 3610 1221 3668; x_wconf 82' lang='lat'><strong>16:</strong></span> <span class='ocrx_word' id='word_1_377' title='bbox 1244 3605 1362 3684; x_wconf 74' lang='lat' dir='ltr'><strong>frontis</strong></span> <span class='ocrx_word' id='word_1_378' title='bbox 1393 3602 1447 3664; x_wconf 85' lang='lat' dir='ltr'><strong>tibi</strong></span> 
     </span>
     <span class='ocr_line' id='line_1_38' title="bbox 196 3687 1445 3772; baseline 0.002 -22"><span class='ocrx_word' id='word_1_379' title='bbox 196 3692 391 3771; x_wconf 65' lang='lat' dir='ltr'><strong>integumento</strong></span> <span class='ocrx_word' id='word_1_380' title='bbox 415 3692 456 3754; x_wconf 87' lang='lat' dir='ltr'><strong>ud</strong></span> <span class='ocrx_word' id='word_1_381' title='bbox 478 3692 661 3754; x_wconf 85' lang='lat' dir='ltr'><strong>occultanda</strong></span> <span class='ocrx_word' id='word_1_382' title='bbox 681 3698 767 3753; x_wconf 85' lang='grc'>555555</span> <span class='ocrx_word' id='word_1_383' title='bbox 781 3687 1179 3772; x_wconf 78' lang='lat' dir='ltr'><strong>flapitiautiuoniicere13</strong></span> <span class='ocrx_word' id='word_1_384' title='bbox 1203 3690 1337 3752; x_wconf 87' lang='lat' dir='ltr'><strong>similiter</strong></span> <span class='ocrx_word' id='word_1_385' title='bbox 1348 3690 1391 3751; x_wconf 94' lang='lat' dir='ltr'><strong>ib.</strong></span> <span class='ocrx_word' id='word_1_386' title='bbox 1406 3695 1445 3752; x_wconf 88' lang='lat'><strong>15</strong></span> 
     </span>
     <span class='ocr_line' id='line_1_39' title="bbox 196 3776 1444 3861; baseline 0.003 -23"><span class='ocrx_word' id='word_1_387' title='bbox 196 3779 282 3856; x_wconf 80' lang='lat' dir='ltr'><strong>rupis</strong></span> <span class='ocrx_word' id='word_1_388' title='bbox 307 3779 538 3861; x_wconf 83' lang='lat' dir='ltr'><strong>supercilioque.</strong></span> <span class='ocrx_word' id='word_1_389' title='bbox 561 3786 591 3839; x_wconf 91' lang='lat' dir='ltr'><strong>et</strong></span> <span class='ocrx_word' id='word_1_390' title='bbox 611 3779 673 3840; x_wconf 89' lang='lat' dir='ltr'><strong>Pis.</strong></span> <span class='ocrx_word' id='word_1_391' title='bbox 698 3785 737 3842; x_wconf 89' lang='lat'><strong>51</strong></span> <span class='ocrx_word' id='word_1_392' title='bbox 761 3799 810 3852; x_wconf 84' lang='lat' dir='ltr'><strong>os3</strong></span> <span class='ocrx_word' id='word_1_393' title='bbox 833 3779 870 3841; x_wconf 85' lang='lat' dir='ltr'><strong>cf.</strong></span> <span class='ocrx_word' id='word_1_394' title='bbox 895 3778 935 3844; x_wconf 89' lang='lat' dir='ltr'><strong>ib.</strong></span> <span class='ocrx_word' id='word_1_395' title='bbox 962 3786 998 3852; x_wconf 84' lang='lat'><strong>13</strong></span> <span class='ocrx_word' id='word_1_396' title='bbox 1023 3782 1080 3852; x_wconf 79' lang='lat'><strong>533</strong></span> <span class='ocrx_word' id='word_1_397' title='bbox 1103 3779 1179 3844; x_wconf 86' lang='lat' dir='ltr'><strong>Sest.</strong></span> <span class='ocrx_word' id='word_1_398' title='bbox 1210 3783 1265 3850; x_wconf 90' lang='grc'><strong>19;</strong></span> <span class='ocrx_word' id='word_1_399' title='bbox 1293 3778 1381 3838; x_wconf 84' lang='lat' dir='ltr'><strong>Rosa.</strong></span> <span class='ocrx_word' id='word_1_400' title='bbox 1403 3776 1444 3842; x_wconf 89' lang='lat' dir='ltr'><strong>A.</strong></span> 
     </span>
     <span class='ocr_line' id='line_1_40' title="bbox 199 3862 1447 3945; baseline -0.004 -18"><span class='ocrx_word' id='word_1_401' title='bbox 199 3869 255 3935; x_wconf 86' lang='lat'><strong>87;</strong></span> <span class='ocrx_word' id='word_1_402' title='bbox 280 3869 331 3928; x_wconf 88' lang='lat'><strong>95.</strong></span> <span class='ocrx_word' id='word_1_403' title='bbox 384 3865 449 3926; x_wconf 88' lang='lat' dir='ltr'><strong>Nec</strong></span> <span class='ocrx_word' id='word_1_404' title='bbox 478 3865 576 3925; x_wconf 89' lang='lat' dir='ltr'><strong>minus</strong></span> <span class='ocrx_word' id='word_1_405' title='bbox 604 3863 799 3945; x_wconf 74' lang='lat' dir='ltr'><strong>pervagatum</strong></span> <span class='ocrx_word' id='word_1_406' title='bbox 829 3873 874 3926; x_wconf 88' lang='lat' dir='ltr'><strong>est</strong></span> <span class='ocrx_word' id='word_1_407' title='bbox 899 3865 944 3939; x_wconf 89' lang='lat' dir='ltr'><strong>id,</strong></span> <span class='ocrx_word' id='word_1_408' title='bbox 974 3885 1042 3926; x_wconf 91' lang='lat' dir='ltr'><strong>cum</strong></span> <span class='ocrx_word' id='word_1_409' title='bbox 1073 3865 1195 3926; x_wconf 88' lang='lat' dir='ltr'><strong>nomina</strong></span> <span class='ocrx_word' id='word_1_410' title='bbox 1225 3864 1370 3927; x_wconf 91' lang='lat' dir='ltr'><strong>virtutum</strong></span> <span class='ocrx_word' id='word_1_411' title='bbox 1397 3862 1447 3923; x_wconf 85' lang='lat' dir='ltr'><strong>vel</strong></span> 
     </span>
     <span class='ocr_line' id='line_1_41' title="bbox 196 3949 1447 4031; baseline -0.002 -19"><span class='ocrx_word' id='word_1_412' title='bbox 196 3949 337 4012; x_wconf 83' lang='lat' dir='ltr'><strong>vitiorum</strong></span> <span class='ocrx_word' id='word_1_413' title='bbox 369 3971 423 4030; x_wconf 88' lang='lat' dir='ltr'><strong>pro</strong></span> <span class='ocrx_word' id='word_1_414' title='bbox 457 3951 581 4030; x_wconf 83' lang='lat' dir='ltr'><strong>singulis</strong></span> <span class='ocrx_word' id='word_1_415' title='bbox 614 3951 701 4012; x_wconf 85' lang='lat' dir='ltr'><strong>factis</strong></span> <span class='ocrx_word' id='word_1_416' title='bbox 730 3960 896 4031; x_wconf 90' lang='lat' dir='ltr'><strong>ponuntur,</strong></span> <span class='ocrx_word' id='word_1_417' title='bbox 934 3971 1010 4030; x_wconf 90' lang='lat' dir='ltr'><strong>quae</strong></span> <span class='ocrx_word' id='word_1_418' title='bbox 1039 3971 1077 4012; x_wconf 85' lang='lat' dir='ltr'><strong>ex</strong></span> <span class='ocrx_word' id='word_1_419' title='bbox 1112 3951 1172 4012; x_wconf 89' lang='lat' dir='ltr'><strong>illis</strong></span> <span class='ocrx_word' id='word_1_420' title='bbox 1201 3951 1297 4012; x_wconf 88' lang='lat' dir='ltr'><strong>causis</strong></span> <span class='ocrx_word' id='word_1_421' title='bbox 1323 3969 1447 4010; x_wconf 87' lang='lat' dir='ltr'><strong>manare</strong></span> 
     </span>
     <span class='ocr_line' id='line_1_42' title="bbox 195 4034 1445 4116; baseline 0.002 -18"><span class='ocrx_word' id='word_1_422' title='bbox 195 4036 346 4110; x_wconf 88' lang='lat' dir='ltr'><strong>videntur,</strong></span> <span class='ocrx_word' id='word_1_423' title='bbox 370 4045 403 4098; x_wconf 89' lang='lat' dir='ltr'><strong>ut</strong></span> <span class='ocrx_word' id='word_1_424' title='bbox 424 4037 503 4103; x_wconf 88' lang='lat' dir='ltr'><strong>Rab.</strong></span> <span class='ocrx_word' id='word_1_425' title='bbox 527 4038 562 4103; x_wconf 93' lang='lat' dir='ltr'><strong>P.</strong></span> <span class='ocrx_word' id='word_1_426' title='bbox 588 4042 628 4098; x_wconf 89' lang='grc'><strong>24</strong></span> <span class='ocrx_word' id='word_1_427' title='bbox 652 4037 798 4112; x_wconf 85' lang='lat' dir='ltr'><strong>stultitia,</strong></span> <span class='ocrx_word' id='word_1_428' title='bbox 821 4039 900 4102; x_wconf 93' lang='lat' dir='ltr'><strong>Mur.</strong></span> <span class='ocrx_word' id='word_1_429' title='bbox 927 4043 967 4099; x_wconf 93' lang='grc'><strong>14</strong></span> <span class='ocrx_word' id='word_1_430' title='bbox 991 4038 1124 4099; x_wconf 86' lang='lat' dir='ltr'><strong>auaritia</strong></span> <span class='ocrx_word' id='word_1_431' title='bbox 1146 4047 1200 4100; x_wconf 88' lang='lat' dir='ltr'><strong>etc.</strong></span> <span class='ocrx_word' id='word_1_432' title='bbox 1224 4037 1261 4099; x_wconf 85' lang='lat' dir='ltr'><strong>cf.</strong></span> <span class='ocrx_word' id='word_1_433' title='bbox 1283 4034 1445 4116; x_wconf 86' lang='lat' dir='ltr'><strong>Naegelsb.</strong></span> 
     </span>
     <span class='ocr_line' id='line_1_43' title="bbox 197 4123 1456 4204; baseline -0.001 -19"><span class='ocrx_word' id='word_1_434' title='bbox 197 4128 213 4198; x_wconf 63' lang='grc' dir='ltr'><em>ἕ</em></span> <span class='ocrx_word' id='word_1_435' title='bbox 248 4128 298 4188; x_wconf 91' lang='lat'><strong>13.</strong></span> <span class='ocrx_word' id='word_1_436' title='bbox 328 4143 358 4202; x_wconf 92' lang='lat' dir='ltr'><strong>p.</strong></span> <span class='ocrx_word' id='word_1_437' title='bbox 390 4127 449 4195; x_wconf 92' lang='grc'><strong>45;</strong></span> <span class='ocrx_word' id='word_1_438' title='bbox 483 4124 578 4203; x_wconf 83' lang='lat' dir='ltr'><strong>magis</strong></span> <span class='ocrx_word' id='word_1_439' title='bbox 612 4123 702 4185; x_wconf 86' lang='lat' dir='ltr'><strong>etiam</strong></span> <span class='ocrx_word' id='word_1_440' title='bbox 735 4123 873 4204; x_wconf 83' lang='lat' dir='ltr'><strong>vulgaria</strong></span> <span class='ocrx_word' id='word_1_441' title='bbox 900 4132 970 4184; x_wconf 84' lang='lat' dir='ltr'><strong>sunt</strong></span> <span class='ocrx_word' id='word_1_442' title='bbox 998 4124 1085 4186; x_wconf 85' lang='lat' dir='ltr'><strong>talia:</strong></span> <span class='ocrx_word' id='word_1_443' title='bbox 1120 4125 1161 4190; x_wconf 93' lang='lat' dir='ltr'><strong>V.</strong></span> <span class='ocrx_word' id='word_1_444' title='bbox 1184 4125 1215 4197; x_wconf 89' lang='grc' dir='ltr'>Ι,</span> <span class='ocrx_word' id='word_1_445' title='bbox 1245 4128 1263 4184; x_wconf 89' lang='grc'><strong>2</strong></span> <span class='ocrx_word' id='word_1_446' title='bbox 1297 4123 1456 4195; x_wconf 80' lang='lat' dir='ltr'><strong>infamiae·</strong></span> 
     </span>
     <span class='ocr_line' id='line_1_44' title="bbox 195 4208 1445 4294; baseline -0.001 -25"><span class='ocrx_word' id='word_1_447' title='bbox 195 4227 407 4270; x_wconf 86' lang='lat' dir='ltr'><strong>succurrerem</strong></span> <span class='ocrx_word' id='word_1_448' title='bbox 429 4209 477 4288; x_wconf 87' lang='lat' dir='ltr'><strong>(of.</strong></span> <span class='ocrx_word' id='word_1_449' title='bbox 500 4231 584 4288; x_wconf 89' lang='lat' dir='ltr'><strong>prov.</strong></span> <span class='ocrx_word' id='word_1_450' title='bbox 607 4231 630 4270; x_wconf 92' lang='lat' dir='ltr'><strong>c.</strong></span> <span class='ocrx_word' id='word_1_451' title='bbox 654 4216 712 4283; x_wconf 89' lang='grc'><strong>23;</strong></span> <span class='ocrx_word' id='word_1_452' title='bbox 737 4212 808 4292; x_wconf 83' lang='grc'><strong>32),</strong></span> <span class='ocrx_word' id='word_1_453' title='bbox 839 4211 925 4275; x_wconf 87' lang='lat' dir='ltr'><strong>Roso.</strong></span> <span class='ocrx_word' id='word_1_454' title='bbox 949 4211 988 4272; x_wconf 87' lang='lat' dir='ltr'><strong>A.</strong></span> <span class='ocrx_word' id='word_1_455' title='bbox 1015 4213 1204 4294; x_wconf 82' lang='lat' dir='ltr'><strong>sspecuniae</strong></span> <span class='ocrx_word' id='word_1_456' title='bbox 1235 4208 1373 4281; x_wconf 86' lang='lat' dir='ltr'><strong>obstm·e;</strong></span> <span class='ocrx_word' id='word_1_457' title='bbox 1406 4208 1445 4272; x_wconf 80' lang='lat' dir='ltr'><strong>ot.</strong></span> 
     </span>
     <span class='ocr_line' id='line_1_45' title="bbox 197 4294 1447 4377; baseline -0.002 -20"><span class='ocrx_word' id='word_1_458' title='bbox 197 4297 282 4357; x_wconf 89' lang='lat' dir='ltr'><strong>Dem.</strong></span> <span class='ocrx_word' id='word_1_459' title='bbox 304 4296 378 4370; x_wconf 91' lang='lat' dir='ltr'><strong>XV,</strong></span> <span class='ocrx_word' id='word_1_460' title='bbox 403 4301 431 4358; x_wconf 85' lang='lat'><strong>3.</strong></span> <span class='ocrx_word' id='word_1_461' title='bbox 477 4296 561 4356; x_wconf 90' lang='lat' dir='ltr'><strong>Idem</strong></span> <span class='ocrx_word' id='word_1_462' title='bbox 582 4317 644 4357; x_wconf 88' lang='lat' dir='ltr'><strong>esse</strong></span> <span class='ocrx_word' id='word_1_463' title='bbox 666 4317 778 4370; x_wconf 87' lang='lat' dir='ltr'><strong>censeo,</strong></span> <span class='ocrx_word' id='word_1_464' title='bbox 802 4318 869 4358; x_wconf 91' lang='lat' dir='ltr'><strong>cum</strong></span> <span class='ocrx_word' id='word_1_465' title='bbox 892 4297 957 4376; x_wconf 91' lang='lat' dir='ltr'><strong>quis</strong></span> <span class='ocrx_word' id='word_1_466' title='bbox 980 4317 1024 4372; x_wconf 92' lang='lat' dir='ltr'><strong>ea,</strong></span> <span class='ocrx_word' id='word_1_467' title='bbox 1047 4318 1124 4377; x_wconf 92' lang='lat' dir='ltr'><strong>quae</strong></span> <span class='ocrx_word' id='word_1_468' title='bbox 1145 4317 1198 4377; x_wconf 89' lang='lat' dir='ltr'><strong>per</strong></span> <span class='ocrx_word' id='word_1_469' title='bbox 1220 4295 1294 4356; x_wconf 90' lang='lat' dir='ltr'><strong>alios</strong></span> <span class='ocrx_word' id='word_1_470' title='bbox 1309 4294 1447 4356; x_wconf 86' lang='lat' dir='ltr'><strong>facienda</strong></span> 
     </span>
     <span class='ocr_line' id='line_1_46' title="bbox 196 4381 1444 4461; baseline 0.002 -19"><span class='ocrx_word' id='word_1_471' title='bbox 196 4390 289 4458; x_wconf 90' lang='lat' dir='ltr'><strong>curat,</strong></span> <span class='ocrx_word' id='word_1_472' title='bbox 313 4382 376 4461; x_wconf 88' lang='lat' dir='ltr'><strong>ipse</strong></span> <span class='ocrx_word' id='word_1_473' title='bbox 398 4383 494 4444; x_wconf 85' lang='lat' dir='ltr'><strong>facere</strong></span> <span class='ocrx_word' id='word_1_474' title='bbox 517 4383 631 4458; x_wconf 91' lang='lat' dir='ltr'><strong>dicitur,</strong></span> <span class='ocrx_word' id='word_1_475' title='bbox 652 4392 686 4444; x_wconf 92' lang='lat' dir='ltr'><strong>ut</strong></span> <span class='ocrx_word' id='word_1_476' title='bbox 709 4384 749 4447; x_wconf 95' lang='lat' dir='ltr'><strong>V.</strong></span> <span class='ocrx_word' id='word_1_477' title='bbox 775 4389 802 4458; x_wconf 89' lang='lat'><strong>5,</strong></span> <span class='ocrx_word' id='word_1_478' title='bbox 828 4390 887 4446; x_wconf 89' lang='lat'><strong>177</strong></span> <span class='ocrx_word' id='word_1_479' title='bbox 913 4384 1125 4455; x_wconf 82' lang='lat' dir='ltr'><strong>condemnaui3</strong></span> <span class='ocrx_word' id='word_1_480' title='bbox 1158 4383 1245 4446; x_wconf 89' lang='lat' dir='ltr'><strong>Dem.</strong></span> <span class='ocrx_word' id='word_1_481' title='bbox 1267 4381 1358 4455; x_wconf 82' lang='lat' dir='ltr'><strong>XIX,</strong></span> <span class='ocrx_word' id='word_1_482' title='bbox 1384 4386 1444 4444; x_wconf 89' lang='lat'><strong>179</strong></span> 
     </span>
    </p>
   </div>
   <div class='ocr_carea' id='block_1_5' title="bbox 0 0 1572 5004">
    <p class='ocr_par' dir='ltr' id='par_1_6' title="bbox 0 0 1572 5004">
     <span class='ocr_line' id='line_1_47' title="bbox 0 0 1572 5004; baseline 0 1"><span class='ocrx_word' id='word_1_483' title='bbox 0 0 1572 5004; x_wconf 95' lang='lat' dir='ltr'><strong> </strong></span> 
     </span>
    </p>
   </div>
  </div>
 </body>
</html>
