3136 5004
828 413 867 471 32

223 618 334 698 partim
356 617 388 677 in
410 636 581 696 corporum,
609 635 662 676 eae
684 624 783 676 autem
803 615 1028 691 translationes,
1059 637 1136 696 quae
1159 617 1197 677 ad
1219 637 1265 677 res
1287 617 1486 698 incorporeas

224 704 423 784 designandas
445 701 610 763 necessario
633 701 819 775 adhibentur,
841 723 895 781 pro
917 703 1008 782 tropis
1030 723 1091 764 non
1114 711 1184 764 sunt
1204 703 1368 765 habendae.
1413 705 1482 766 Ita-

224 811 281 870 que
304 790 342 851 ad
364 789 442 868 tropi
463 789 609 850 rationem
622 787 698 848 nihil
711 788 817 849 referre
829 788 954 864 videtur,
976 798 1076 850 utrum
1087 809 1141 864 res,
1164 790 1247 850 cuius
1262 789 1486 868 significandae

224 897 315 938 causa
336 875 493 937 translatio
517 875 684 947 assumitur,
708 874 763 936 sub
786 894 888 936 sensus
911 875 1000 937 cadat
1021 896 1121 938 neone.
1164 875 1240 937 Alia
1260 897 1361 937 rursus
1376 886 1482 938 trans·

223 963 370 1025 lationum
392 961 498 1025 divisio
521 961 601 1041 apud
622 959 875 1040 Mueaelliumffl)
899 962 1039 1037 occurrit,
1070 963 1122 1042 qui
1144 971 1262 1024 servata
1285 963 1479 1042 antiquorum

223 1049 513 1128 teohnographorum
543 1047 679 1109 doctrina
707 1055 826 1127 quattor
854 1047 974 1108 illorum
1003 1047 1113 1110 formas
1143 1049 1241 1110 denuo
1263 1049 1479 1129 distinguendo

224 1135 428 1214 duodeviginti
449 1143 549 1214 partes
571 1133 696 1196 conficit
740 1134 843 1195 Etiam
865 1154 903 1195 ex
923 1134 996 1196 locis
1018 1135 1067 1197 vel
1089 1134 1266 1215 regionibus,
1289 1135 1368 1196 unde
1381 1146 1484 1197 meta·

223 1223 336 1322 phoras
357 1221 435 1281 sumi
457 1219 560 1294 solent,
582 1240 674 1281 causa
695 1219 848 1282 dividendi
869 1220 962 1300 repeti
983 1229 1097 1300 potest;
1128 1230 1162 1282 ut
1182 1222 1271 1284 Voss.
1274 1219 1313 1300 ⁸⁸)
1336 1222 1481 1284 undecim

224 1309 311 1388 quasi
342 1307 438 1369 fontes
468 1307 698 1387 translationum
727 1306 840 1368 statuit
890 1307 950 1369 Sed
977 1306 1052 1368 haec
1080 1328 1126 1368 res
1148 1316 1192 1368 est
1213 1307 1346 1380 infinita;
1378 1317 1481 1370 trans-

223 1395 367 1456 lationem
389 1394 467 1455 enim
477 1401 588 1494 ‘petere
609 1393 686 1467 licet,
702 1393 914 1493 undecumque
928 1393 1042 1472 aliquid
1056 1393 1151 1455 simile
1167 1394 1236 1456 duci
1250 1403 1354 1474 potest,
1377 1404 1483 1475 potest

225 1490 324 1543 autem
346 1501 384 1541 ex
405 1480 551 1541 omnium
560 1499 657 1540 rerum
680 1479 711 1541 vi
739 1499 835 1559 paene
863 1480 1079 1540 immensa—
1106 1501 1208 1541 earum
1238 1489 1340 1542 tamen
1370 1480 1485 1543 eleotio

225 1568 264 1630 ad
285 1567 513 1647 intelligentiam
542 1586 729 1627 communem
758 1585 858 1626 eorum
888 1565 995 1626 saltem
1016 1567 1186 1628 revocanda
1207 1576 1262 1641 est,
1297 1567 1377 1647 apud
1401 1589 1479 1646 quos

224 1655 306 1716 dicas
331 1690 380 1716 —.
417 1654 484 1732 Ego
506 1661 638 1715 veterum
661 1651 749 1712 huius
771 1651 814 1713 rei
837 1651 1083 1727 distributionem,
1105 1673 1166 1733 qua
1187 1653 1344 1715 translatio
1365 1653 1400 1714 fit
1422 1664 1480 1716 aut

224 1763 244 1803 a
265 1740 353 1802 rebus
380 1739 520 1800 animatis
553 1739 592 1799 ad
620 1738 769 1799 animatas
792 1746 845 1799 aut
867 1739 906 1800 ab
936 1739 1076 1800 animatis
1106 1740 1145 1800 ad
1173 1739 1321 1801 inanimus
1353 1749 1407 1801 aut
1438 1741 1483 1802 ab

223 1827 364 1888 inanimis
387 1826 426 1886 ad
450 1825 597 1886 animatas
620 1833 673 1886 aut
691 1824 730 1885 ab
752 1824 892 1885 inanimis
914 1826 953 1886 ad
973 1825 1178 1906 inanimas⁸⁸),
1200 1826 1255 1887 etsi
1268 1835 1299 1888 et
1312 1827 1379 1906 ipsa
1393 1847 1481 1907 mag·

223 1935 296 1975 nam
319 1913 404 1974 affert
425 1911 645 1985 difficultatem,
674 1911 860 1972 retinendam
882 1931 945 1973 esse
963 1912 1147 1987 existimavi,
1170 1911 1352 1993 singulisque
1373 1933 1479 1974 eorum

223 1999 380 2080 generibus
402 1997 541 2077 singulas.
558 1997 644 2078 quasi
657 1997 789 2076 regiones
804 1998 867 2060 sive
878 1998 968 2073 sedes,
991 1998 1150 2078 exquibus
1164 1998 1255 2060 fluere
1265 1998 1484 2062 translationes

225 2086 336 2162 solent,
368 2083 599 2146 accommodabo
620 2084 789 2163 praemissis
813 2084 962 2164 aliquibus
984 2086 1021 2146 de
1043 2105 1080 2146 ea
1101 2084 1330 2147 translationum
1351 2086 1479 2161 ratione,

224 2193 301 2253 quae
323 2172 359 2232 in¹
373 2169 502 2250 singulis
531 2179 562 2231 et
582 2170 757 2233 verborum*
771 2171 927 2250 generibus
958 2180 987 2233 et
1016 2171 1253 2233 enuntiationum
1277 2173 1340 2235 sive
1361 2181 1485 2234 senten·

224 2259 335 2321 tiaram
357 2253 493 2338 partibus
516 2264 661 2319 versatur.

331 2345 434 2425 Atque
456 2343 537 2406 cadit
557 2343 750 2423 metaphorae
773 2343 850 2404 ratio
880 2344 985 2405 autin
1008 2343 1230 2407 substantivum
1253 2345 1359 2406 autin
1381 2344 1486 2408 adiee-

223 2433 320 2495 tivum
343 2440 396 2492 aut
417 2431 449 2490 in
471 2430 596 2494 verbum
628 2438 681 2491 aut
708 2429 739 2490 in
764 2430 945 2492 adverbium.
991 2431 1117 2492 Summa
1149 2440 1249 2492 autem
1270 2431 1481 2494 translationis

223 2519 269 2582 vis
292 2527 322 2580 et
343 2518 472 2580 facultas
495 2517 558 2578 sine
579 2517 670 2578 dubio
692 2517 724 2576 in
746 2517 853 2591 verbis,
876 2537 952 2596 quae
973 2517 1091 2597 proprie
1112 2517 1259 2592 dicuntur,
1282 2518 1480 2598 expromitur,

222 2626 365 2686 magnam
386 2613 502 2685 partem
525 2603 714 2666 substantiva
727 2603 875 2664 translata
898 2612 1052 2684 occupant,
1074 2603 1232 2683 paululum
1252 2605 1341 2684 spatii
1357 2605 1484 2666 audien--

222 2688 286 2755 tiva
310 2700 340 2752 et
362 2691 505 2754 adverbia
526 2698 643 2764 tenent,
672 2698 702 2751 et
723 2689 803 2769 quod
823 2709 922 2769 pauca
950 2698 1020 2750 sunt
1041 2698 1071 2751 et
1092 2690 1171 2769 quod
1193 2691 1340 2770 frequenti
1361 2711 1419 2751 usu
1441 2691 1477 2752 in

223 2777 359 2859 plurimis
391 2776 535 2857 exemplis
566 2777 626 2836 iam
667 2796 785 2836 omnem
824 2775 1020 2837 transferendi
1053 2777 1139 2856 quasi
1176 2777 1306 2838 colorem
1340 2777 1483 2840 amisisse

223 2864 370 2928 videntur.
414 2863 515 2943 Atque
537 2863 561 2923 si
583 2883 644 2924 rem
662 2862 700 2923 ad
722 2861 870 2924 calculum
892 2861 999 2924 referre
1020 2863 1174 2938 volumus,
1195 2884 1233 2924 ex
1255 2884 1356 2924 earum
1377 2872 1484 2925 trans—

222 2951 369 3012 lationum
395 2970 526 3022 numero,
548 2969 675 3029 quarum
704 2969 758 3029 ego
782 2971 829 3030 ap.
852 2949 912 3010 Cic.
933 2949 1079 3010 rationem
1107 2949 1277 3011 habendam
1307 2969 1370 3010 esse
1391 2950 1480 3026 duxi,

222 3037 297 3098 haec
319 3036 379 3098 fere
400 3035 678 3097 mathematiaomm
700 3035 830 3097 formula
842 3035 965 3098 eruitur:
987 3035 1110 3098 Verba:
1133 3035 1343 3099 Substantiva:
1366 3036 1482 3098 Adiec-

221 3124 287 3187 tiva
309 3132 339 3184 et
359 3122 516 3185 Adverbia
536 3149 580 3176 =
604 3127 745 3186 18:6:1.
782 3122 851 3202 'Ap
873 3123 960 3184 Dem.
982 3143 1052 3185 vero
1079 3121 1332 3185 substantivorum
1360 3123 1481 3184 metha-

222 3211 334 3291 phorae
356 3209 547 3270 multitudine
569 3208 727 3270 verborum
748 3208 960 3270 translatorum
982 3229 1078 3289 paene
1099 3208 1271 3284 obruuntur,
1294 3218 1328 3270 ut
1340 3209 1393 3272 vix
1412 3209 1478 3270 iam

223 3304 397 3377 appareant.
446 3296 484 3356 In
515 3294 770 3358 substantivorum
800 3315 887 3374 porro
920 3294 1166 3357 translationibus
1202 3295 1373 3376 saepissime
1399 3295 1484 3358 haec

222 3384 289 3464 ipsa
311 3404 379 3444 aum
400 3382 537 3462 genetivo
560 3381 735 3444 attributivo
751 3381 896 3443 translate
910 3382 1137 3462 coniunguntur,
1158 3382 1255 3444 multa
1272 3382 1363 3444 etiam
1377 3382 1409 3442 in
1423 3402 1483 3462 ap·

222 3468 376 3550 positionis
399 3468 448 3531 vel
469 3468 601 3531 vocativi
622 3467 773 3551 rationem¹
789 3468 908 3542 cadunt,
930 3469 1135 3548 praedicativa
1149 3489 1266 3548 quoque
1285 3468 1481 3531 substantiva

222 3557 371 3619 translata
393 3556 497 3618 crebra
518 3563 599 3629 sunt,
628 3575 695 3616 raro
719 3563 816 3616 autem
839 3555 990 3616 invenitur
1011 3555 1098 3616 huius
1121 3576 1148 3635 g.
1171 3556 1325 3634 genetivus
1346 3555 1395 3618 vel
1419 3555 1478 3616 ab·

222 3643 334 3706 lativus
365 3642 520 3722 qualitatis
549 3641 598 3705 vel
627 3641 782 3721 genetivus
809 3640 968 3721 partitivus
990 3641 1039 3704 vel
1061 3642 1184 3721 generis.
1228 3643 1353 3722 Legitur
1375 3650 1482 3703 autem

222 3729 263 3791 V.
287 3734 322 3805 3,
354 3734 395 3793 28
422 3729 618 3792 ista-cotors
646 3747 776 3810 qaorum
799 3728 954 3790 bominum
984 3732 1048 3790 est?
1080 3729 1189 3790 inarum
1220 3748 1367 3800 canam,
1399 3748 1481 3810 quos

225 3815 359 3878 ιιιίιιιιιαι
386 3835 486 3877 meam
516 3815 600 3878 oldas
623 3815 775 3890 lambere3
810 3815 849 3877 ib.
874 3820 910 3889 1,
943 3819 1003 3876 105
1035 3833 1096 3895 qua
1127 3820 1170 3877 ast
1199 3817 1263 3897 ipse
1286 3816 1480 3895 rapacitate,-

223 3901 296 3963 Vat.
321 3907 340 3965 9
363 3901 396 3963 id
419 3907 462 3964 est
484 3901 614 3965 matrimi
636 3903 780 3964 atorneati
803 3908 831 3963 ιι
848 3900 1008 3983 ponderis.
1053 3901 1124 3961 Non
1143 3921 1305 3982 numquam
1321 3901 1411 3962 etiam
1434 3901 1485 3976 fit,

223 3996 258 4048 ut
279 3985 322 4048 ex'
339 3987 484 4049 adjectivo
513 3989 663 4069 apposito,
695 4009 772 4068 quae
801 3988 840 4049 sit
865 3985 1044 4049 substantivi
1073 3987 1279 4050 translasionis
1308 3988 1402 4063 ratio,
1432 3988 1485 4048 in-

223 4073 385 4154 telligatur,
407 4082 442 4134 ιιι
456 4073 572 4137 Cluent
590 4079 652 4137 130
668 4080 814 4137 aeolum
824 4072 1057 4157 popularem,
1071 4072 1171 4136 Flaoo.
1188 4079 1229 4138 54
1248 4073 1480 4137 Castricianum

329 4298 403 4366 ⁸⁷.)p
424 4302 456 4351 20
475 4315 513 4364 sq.
550 4298 644 4364 ⁸⁸,)IV
664 4300 695 4350 91
717 4316 772 4365 sqq
810 4298 892 4364 ⁸⁸.)cf
912 4297 973 4349 Bed
998 4315 1038 4364 ap.
1057 4300 1093 4349 H
1113 4301 1177 4363 611,
1198 4298 1301 4353 Charis.
1321 4299 1354 4350 K.
1375 4299 1395 4363 l,
1415 4302 1481 4363 272,

143 4425 144 4432 ,
223 4370 320 4504 ἓξὲξ.
339 4369 525 4503 ibaldli'
460 4371 525 4433 399,
544 4364 650 4435 Tr.yph
671 4370 713 4434 Sp.
734 4367 787 4433 ιιι,
808 4370 871 4429 192,
897 4369 982 4419 Aaou.
1002 4368 1037 4420 ib.
1058 4371 1122 4432 208,
1150 4338 1228 4435 (ireg.
1250 4373 1314 4434 216,
1333 4368 1395 4418 Coo.
1416 4370 1481 4432 232,
1552 4343 1553 4470 l
