3136 5004
798 416 816 471 5

186 619 225 679 ab
240 616 432 679 exterioribus
445 636 552 689 rerum,
574 627 609 677 ut
624 616 739 690 dicitur,
760 617 973 696 phaenomenis
987 617 1035 680 vel
1051 617 1089 677 ab
1105 617 1154 691 eis,
1177 639 1253 696 quae
1268 619 1435 680 efficiuntur
1482 623 1484 628 '

185 703 281 777 rebus,
304 703 523 782 comparatione
545 712 574 764 et
596 703 753 764 collatione
775 704 897 765 rationis
920 713 1009 784 atque
1032 704 1219 765 distinctione
1241 705 1279 765 ad
1302 706 1433 784 ipsarum

185 811 281 850 rerum
304 790 501 868 cognitionem
526 790 728 851 ascendamus.
771 791 877 869 Neque
899 792 925 852 si
947 811 1064 851 ornnem
1087 811 1189 850 earum
1218 811 1328 865 rerum,
1358 813 1433 872 quas

184 875 351 937 intellectus
375 875 468 936 nostri
489 875 628 937 modulus
655 896 759 955 capere
789 885 901 956 potest,
932 877 1017 956 quasi
1048 876 1148 937 orbem
1177 877 1288 938 emensi
1316 879 1432 952 erimus,

184 963 242 1023 nisi
264 965 408 1042 exparte
431 961 533 1040 aliqua
555 955 688 1041 cognitas
710 983 761 1022 eas
782 963 968 1037 habebimus,
990 972 1024 1024 ut
1038 963 1190 1024 verissime
1203 964 1305 1024 scribit
1319 965 1432 1026 Paulus

183 1049 355 1128 Apostolus,
378 1049 425 1111 vir
446 1056 476 1108 et
497 1049 700 1109 sanctissimus
722 1057 753 1109 et
774 1049 1009 1129 sapientissimus
1022 1048 1069 1128 ¹²),
1093 1049 1229 1129 idemque
1251 1051 1294 1111 ait
1315 1070 1433 1111 ornnem

183 1144 314 1196 nostram
336 1133 521 1212 intelligendi
543 1135 605 1196 vim
627 1145 657 1195 et
678 1135 823 1196 rationem
844 1156 984 1197 mancam
1006 1156 1069 1197 esse
1090 1144 1120 1196 et
1141 1135 1320 1197 inchoatam.
1343 1137 1433 1199 Unde

183 1222 224 1295 fit,
247 1230 281 1282 ut
302 1222 392 1282 etiam
415 1221 447 1279 irr
468 1220 593 1281 dicendo
615 1230 645 1281 et
659 1221 814 1300 loquendo,
836 1243 913 1301 quae
926 1222 1054 1283 facultas
1069 1242 1107 1282 ex
1121 1220 1306 1302 intelligendi
1319 1224 1432 1284 ratione

182 1308 329 1381 nascitur,
362 1317 513 1386 troporum
543 1307 785 1386 gravissimorum
813 1309 959 1382 rationes,
990 1308 1204 1389 synecdoches,
1234 1315 1302 1388 qua'
1323 1310 1432 1389 insigni

184 1394 286 1473 aliqua
307 1402 392 1473 parte
413 1392 462 1454 vel
484 1403 556 1454 nota
577 1402 672 1454 totam
694 1415 756 1454 rem
779 1395 977 1474 designamus,
1000 1404 1030 1456 et
1050 1395 1263 1474 metonymice,
1291 1417 1351 1475 qua
1380 1405 1432 1457 aut

182 1480 221 1540 ab
244 1480 353 1541 effectis
376 1479 415 1540 ad
437 1477 594 1540 efficientia
616 1480 822 1542 adscendimus
845 1490 898 1542 aut
919 1482 957 1543 ab
980 1481 1027 1542 his
1051 1482 1089 1542 ad
1112 1481 1165 1541 illa
1195 1480 1373 1556 delabimur,
1403 1492 1433 1544 et

182 1567 381 1646 metaphorae,
403 1587 464 1645 qua
485 1586 530 1627 res
553 1568 773 1646 comparatione
795 1576 825 1628 et
848 1568 1005 1628 collatione
1020 1589 1088 1628 curn
1103 1567 1169 1628 aliis
1182 1568 1270 1629 rebus
1285 1568 1431 1629 similibus

182 1653 389 1733 exprimimus,
421 1652 512 1712 etiam
541 1653 573 1712 in
603 1653 708 1732 lingua
734 1663 763 1715 et
787 1654 941 1734 gignenda
968 1663 999 1715 et
1019 1654 1175 1716 educanda
1197 1675 1233 1715 ac
1253 1654 1431 1734 perficienda

181 1739 324 1800 latissime
345 1747 470 1818 pateant
490 1739 539 1800 vel
561 1739 659 1819 potius
682 1741 783 1801 omnia
804 1750 955 1820 occupent
987 1741 1093 1820 Neque
1115 1761 1185 1802 vero
1207 1741 1246 1802 ad
1268 1741 1347 1802 hanc
1368 1762 1430 1802 rem

181 1824 344 1905 quidquam
373 1824 476 1899 refert,
507 1847 597 1904 quam
624 1826 748 1906 quisque
770 1828 806 1888 de
828 1827 939 1906 origine
960 1827 1081 1907 linguae
1103 1827 1151 1889 vel
1173 1827 1344 1906 linguarum
1367 1849 1430 1889 sen·

180 1912 305 1972 tentiam
328 1920 477 1990 sequatur.
523 1912 626 1972 Etiam
647 1913 679 1972 iu
701 1934 737 1974 ea
758 1915 795 1974 de
816 1913 987 1993 linguarum
1010 1913 1130 1976 exordio
1152 1914 1290 1992 opinione
1308 1915 1429 1988 tuenda,

180 2019 257 2077 quae
279 1999 342 2058 sine
363 1997 454 2058 dubio
476 1999 610 2078 proxime
632 1999 670 2060 ad
685 2000 840 2061 veritatem
854 2000 992 2061 accedere
1013 2000 1138 2073 videtur,
1161 2020 1221 2079 qua
1235 2001 1428 2076 existimatur,

182 2085 278 2164 primo
301 2084 415 2144 homini
436 2084 565 2146 facultas
594 2105 639 2146 res
668 2106 722 2165 per
749 2085 883 2168 linguam
913 2086 1099 2166 significandi
1122 2107 1140 2146 a
1161 2086 1228 2147 Deo
1249 2086 1379 2166 perlecta
1401 2097 1430 2149 et

180 2170 533 2251 1111111111111111113),
556 2171 680 2232 eandem
702 2181 853 2252 troporum
874 2173 1020 2233 rationem
1043 2173 1082 2234 ad
1106 2193 1269 2233 sermonem
1292 2173 1330 2234 ab
1345 2174 1429 2234 initio

179 2257 369 2318 formandum
391 2258 556 2318 maximam
578 2259 639 2320 vim
662 2259 803 2320 habuisse
824 2259 1055 2320 existimandum
1077 2269 1136 2332 est;
1160 2280 1231 2320 narn
1245 2259 1329 2320 Deus
1351 2260 1430 2321 hanc

181 2342 355 2404 facultatem
386 2343 500 2403 homini
528 2344 572 2404 ita
602 2345 779 2424 impertivit,
808 2354 843 2406 ut
870 2346 933 2406 eius
954 2355 1064 2406 natura
1085 2355 1116 2406 et
1135 2346 1211 2406 ratio
1234 2347 1428 2424 cognoscendi

179 2430 359 2509 postulabat.
393 2430 476 2491 Idem
490 2430 660 2510 linguarum
683 2451 799 2511 quoque
820 2431 944 2492 historia
968 2441 998 2493 et
1021 2433 1209 2510 investigatio
1224 2441 1313 2512 atque
1328 2433 1429 2493 omnia

177 2515 274 2577 lexica
305 2526 470 2590 testantur;
499 2537 571 2577 nam
600 2517 689 2577 etiam
713 2518 744 2577 in
767 2517 808 2578 eis
830 2518 936 2591 verbis,
959 2539 1083 2598 quorum
1106 2519 1152 2580 vis
1175 2527 1204 2579 et
1225 2519 1427 2598 interpretatio

176 2603 262 2665 varia
284 2612 315 2663 et
336 2602 494 2682 multiplex
516 2612 567 2678 est,
589 2603 734 2683 plurimas
754 2604 983 2682 significationes
997 2625 1035 2664 ex
1049 2613 1200 2683 troporum
1215 2605 1329 2664 ratione
1343 2606 1426 2666 nasci

177 2697 309 2768 apparet.
343 2690 402 2751 Sed
416 2690 447 2748 in
470 2690 511 2750 eis
534 2689 651 2770 linguis,
675 2711 751 2770 quae
773 2691 834 2750 iam
856 2691 952 2752 multa
975 2690 1095 2752 saecula
1116 2691 1148 2750 in
1170 2712 1225 2751 usu
1247 2691 1366 2751 11111111
1388 2692 1427 2751 ad

176 2795 301 2855 eamque
323 2775 519 2837 subtilitatem
540 2777 699 2856 perductae
722 2786 799 2851 sunt,
828 2798 919 2856 quam
940 2778 971 2837 11
994 2777 1107 2838 Latina
1128 2788 1158 2838 et
1181 2777 1298 2838 Graeca
1321 2779 1434 2862 Demo-¹

177 2862 288 2923 sthenis
311 2871 341 2923 et
362 2863 422 2924 Cic.
447 2871 544 2923 aetate
574 2884 721 2924 summam
749 2864 840 2924 fuisse
862 2865 986 2938 11111111,
1020 2864 1050 2923 11
1073 2863 1220 2943 plerisque
1245 2864 1342 2926 verbis
1374 2864 1426 2925 ille

177 2949 381 3010 translationis
413 2949 499 3028 quasi
530 2948 609 3010 color
631 2949 725 3011 multo
748 2971 805 3010 usu
826 2950 887 3011 iarn
909 2951 952 3011 111
974 2951 1097 3011 detritus
1119 2950 1191 3023 fuit,
1221 2960 1256 3011 ut
1282 2951 1336 3013 vix
1365 2951 1425 3011 iam

177 3044 230 3095 aut
251 3035 408 3096 sentiretur
430 3045 483 3095 aut
506 3036 713 3098 attenderetur.
757 3036 865 3115 Neque
879 3045 979 3098 tamen
992 3037 1072 3098 hanc
1089 3038 1260 3099 universam
1275 3045 1426 3117 troporum

175 3121 321 3182 rationem
350 3121 577 3201 perquirendam
607 3123 733 3202 sumpsi,
764 3123 843 3202 quod
873 3123 898 3182 si
919 3123 1015 3185 facere
1037 3123 1142 3197 velim,
1171 3123 1259 3183 unius
1284 3124 1425 3203 cuiusque

176 3208 259 3270 verbi
288 3209 374 3287 quasi
403 3208 526 3269 historia
554 3229 648 3288 usque
674 3210 713 3270 ad
743 3209 905 3289 primordia
933 3230 1030 3270 rerum
1060 3211 1192 3271 omnium
1225 3210 1424 3270 humanarum

175 3294 348 3372 replicanda
375 3295 424 3368 sit,
455 3294 506 3354 sed
533 3293 611 3354 illud
639 3316 796 3374 quaeram,
827 3295 929 3375 quales
959 3296 1004 3356 illi
1035 3306 1167 3358 auctores
1190 3296 1308 3359 dicendi
1329 3297 1359 3356 in
1384 3297 1425 3357 eis

175 3381 267 3460 tropis
291 3381 466 3442 adhibendis
488 3382 666 3455 exstiterint,
695 3383 746 3462 qui
767 3383 857 3443 etiam
879 3383 932 3444 illo
954 3391 1085 3463 ternpore
1108 3384 1250 3462 vigebant
1271 3392 1301 3444 et
1322 3383 1425 3444 sentie-

175 3466 286 3527 bantur
314 3489 350 3529 ac
371 3468 491 3528 maioris
517 3476 547 3528 et
573 3468 760 3548 elegantioris
789 3477 911 3530 ornatus
941 3490 1032 3531 causa
1063 3469 1289 3532 asciscebantur.
1336 3469 1426 3547 Quod

176 3554 328 3632 exquirere
351 3554 532 3634 aggredienti
553 3554 627 3615 mihi
650 3576 766 3615 summa
788 3555 947 3617 difficultas
969 3557 1000 3615 11
1030 3577 1064 3617 10
1086 3556 1162 3618 verti
1183 3556 1314 3630 videtur,
1345 3555 1425 3635 quod
1477 3623 1480 3628 ,

282 3745 312 3808 ¹²)
336 3744 456 3797 Gor-ioth.
479 3747 499 3795 1.
529 3749 574 3809 13,
605 3747 620 3795 9
646 3757 670 3795 11
699 3748 738 3795 12.
787 3745 821 3808 ¹³)
849 3747 939 3810 Neque
969 3746 1039 3796 enim
1064 3749 1167 3796 motura
1191 3749 1216 3796 et
1240 3747 1319 3811 turpe
1343 3758 1425 3811 pecus

176 3812 250 3876 (Hor.
275 3821 323 3863 sat.
352 3820 380 3878 1,
407 3818 435 3879 3,
463 3817 526 3875 100)
552 3815 623 3864 omni
647 3815 752 3865 feritate
774 3822 800 3864 et
825 3815 989 3865 immanitate
1014 3815 1182 3879 inquinatum
1206 3816 1278 3865 Deus
1301 3814 1424 3880 Optimus

175 3882 309 3932 Maximus
327 3883 460 3932 hominem
478 3884 556 3934 initio
574 3900 662 3935 rerum
681 3885 854 3934 humanarum
879 3885 907 3934 11
926 3891 996 3933 terna
1014 3884 1136 3933 destituit
1153 3900 1237 3948 neque
1255 3900 1366 3950 puerum
1384 3885 1423 3933 11-

175 3953 275 4002 fantem
293 3953 337 4002 vel
356 3951 549 4004 balbutientem
569 3953 701 4017 formavit,
720 3954 766 4004 sed
785 3953 813 4002 in
831 3969 934 4002 summa
952 3952 1119 4003 absolutione
1137 3960 1163 4004 et
1181 3954 1341 4019 perfectione
1351 3969 1424 4019 prae-

175 4021 262 4086 cipuis
286 4021 446 4085 quibusdam
470 4021 499 4072 11
522 4021 681 4073 coelestibus
704 4023 780 4072 donis
801 4022 949 4088 praeditum
974 4022 1070 4087 posuit.
1107 4023 1194 4086 Atque
1219 4024 1284 4074 haec
1302 4031 1357 4072 erat
1376 4022 1423 4072 illa

174 4098 247 4140 aetas
265 4107 345 4140 aurea
362 4106 474 4155 vereque
492 4091 577 4154 beata,
596 4107 663 4156 quae
680 4100 818 4157 poetarum
836 4090 998 4141 carminibus
1017 4099 1042 4140 11
1061 4091 1178 4142 omniurn
1194 4093 1313 4158 gentium
1324 4092 1423 4142 fabulis

174 4160 279 4210 canitur
302 4167 329 4210 et
352 4155 502 4210 celebratur
526 4159 569 4224 (cf.
589 4160 674 4211 Tacit.
693 4177 753 4210 ann.
773 4158 819 4224 IIl,
840 4160 890 4224 26).
937 4160 1041 4210 Feritas
1065 4169 1153 4211 autem
1178 4170 1204 4212 et
1228 4161 1379 4211 immanitas
1398 4168 1424 4211 et

175 4227 224 4278 illa
242 4229 376 4293 antiquior
391 4230 494 4280 ethaeo
509 4230 648 4292 recentior,
667 4246 734 4294 quae
746 4229 774 4278 in
785 4229 865 4279 huius
875 4229 975 4278 saeculi
987 4229 1104 4280 moribus
1115 4237 1234 4281 versatur
1244 4238 1270 4282 et
1278 4236 1423 4296 grassatur,

173 4313 258 4362 neque
284 4299 344 4349 inde
362 4298 555 4364 proficiscitur,
580 4299 649 4349 unde
673 4300 840 4365 repetendam
864 4313 921 4348 esse
946 4305 1111 4364 corruptores
1136 4300 1243 4364 quidam
1261 4299 1351 4349 miseri
1370 4299 1422 4348 sibi

173 4367 239 4433 ipsis
257 4373 283 4416 et
300 4368 363 4417 aliis
380 4368 536 4434 persuadere
554 4374 690 4431 conantur,
709 4383 793 4432 neque
811 4367 870 4418 istis
878 4367 1002 4418 remediis
1012 4375 1119 4419 sanatur
1129 4377 1181 4420 ‘aut
1193 4369 1305 4432 tollitur,
1324 4368 1422 4433 quibus

173 4437 218 4487 isti
238 4437 357 4488 homines
376 4438 519 4504 opinantur
537 4437 637 4486 malum
656 4437 745 4487 curari
764 4445 789 4487 et
807 4438 938 4502 amputari
957 4453 1041 4502 posse.
