3138 5004
729 387 790 445 127

129 589 199 652 Mil.
225 593 266 652 36
278 590 354 651 sitit
372 609 432 670 per
446 591 506 651 vim
521 609 667 672 umquem
685 586 821 670 Clodius,
845 593 949 653 omnia
963 611 1020 674 per
1035 593 1095 653 uim
1106 592 1190 668 Milo,
1212 594 1267 655 Ph.
1281 594 1338 670 VI,
1362 599 1381 657 3

131 677 174 738 ed
197 696 289 758 quem
311 678 393 738 caim
415 674 554 756 legatos?
592 677 647 738 Ph.
670 677 719 751 H,
742 682 782 738 74
805 683 868 739 tom
891 677 987 742 hortas
1007 679 1163 758 gladiator
1189 681 1297 742 rudem
1319 687 1382 742 turn

131 765 217 824 cito?
240 763 281 825 ib.
299 763 836 844 1016671160ιήαφηῑιίαὲαρενωω
857 765 925 828 Dei.
952 771 992 828 25
1004 785 1115 846 praees
1129 766 1166 828 de
1190 773 1217 829 te
1231 787 1381 843 rumores,
1481 764 1484 771 ’

130 849 187 911 Ph.
210 850 301 924 XIV,
326 855 365 912 13
386 855 418 912 ta
439 851 533 931 igitur
554 851 619 932 ipse
642 850 679 912 de
702 852 752 912 tes
794 851 897 912 Etiam
919 860 1000 914 totae
1022 853 1184 914 sententiae
1205 853 1383 934 cogitatione

131 937 317 1018 supplendae
331 945 402 998 sunt
422 958 483 998 non
494 958 658 1016 numquam
681 945 715 998 ut
728 938 768 999 D.
791 937 916 1014 XVIII,
941 941 989 1001 10.
1012 940 1147 1002 Verbum
1161 940 1382 1004 substantivum

132 1045 180 1104 ap.
192 1025 232 1085 D.
255 1024 345 1085 etiam
368 1024 485 1104 saepius
508 1023 653 1085 omittitur
669 1045 761 1104 quam
779 1045 826 1105 ap.
846 1024 891 1100 (1.,
915 1047 962 1106 ap.
984 1025 1065 1088 hune
1088 1035 1187 1088 autem
1202 1027 1382 1108 frequentius

131 1111 196 1172 alia
217 1111 317 1172 verba.
351 1111 473 1173 Leviter
494 1119 612 1172 tantum
634 1111 712 1172 hanc
729 1132 791 1172 rem
812 1113 971 1192 perstrinxi
992 1121 1023 1176 et
1043 1113 1115 1194 quia
1135 1113 1278 1176 latissime
1299 1123 1382 1196 patet

130 1205 162 1259 et
183 1197 256 1279 quia
277 1199 353 1259 ratio
375 1198 437 1259 eius
458 1219 565 1278 parum
587 1197 709 1259 delinita
730 1206 759 1259 et
781 1197 1002 1282 circumscripta
1023 1221 1086 1262 esse
1107 1201 1232 1265 videtur.

238 1321 298 1382 Sed
320 1321 492 1383 adiectionis
524 1328 555 1382 et
575 1319 764 1384 detractionis
785 1320 898 1383 formae
928 1330 1086 1402 postquam
1114 1321 1270 1384 absolutae
1303 1332 1382 1398 sunt,

130 1410 193 1470 iam
202 1408 385 1488 pergendum
406 1416 452 1470 est
476 1408 516 1469 ad
537 1407 613 1468 illud
634 1407 703 1488 figg.
725 1428 826 1485 genus,
849 1409 928 1488 quod
950 1409 982 1470 in
1004 1408 1069 1470 soni
1080 1408 1211 1488 quadam
1226 1418 1383 1472 venustate

130 1503 162 1556 et
191 1495 222 1554 in
246 1495 386 1556 orationis
417 1494 610 1575 quadrandae
642 1494 739 1556 studio
768 1494 962 1568 versatur²⁸t
998 1495 1100 1575 Atque
1133 1517 1152 1557 a
1180 1496 1382 1580 nonnullius)

131 1583 243 1643 artium
266 1581 457 1661 scriptoribus
484 1582 573 1643 etiam
603 1579 658 1642 illa
676 1580 833 1645 verborum
856 1583 1049 1646 conformatio
1076 1591 1106 1644 et
1127 1583 1299 1658 collocatio,
1322 1605 1383 1664 qua

130 1670 178 1743 fit,
201 1677 237 1730 ut
257 1669 351 1730 oratio
373 1690 495 1730 numero
518 1668 660 1730 adstricta
680 1687 734 1748 per
756 1667 885 1730 ambitus
908 1670 971 1732 sive
993 1657 1170 1754 περιόδους
1198 1677 1228 1731 et
1249 1671 1383 1732 membra

131 1756 197 1818 sive
220 1753 311 1818 nata
333 1764 365 1817 et
384 1777 472 1818 caesa
493 1756 556 1818 sive
578 1746 732 1834 κόμματα
754 1755 898 1831 decurrat,
920 1757 980 1818 huc
1001 1756 1137 1819 trahitur.
1181 1756 1272 1834 Quod
1293 1757 1319 1818 si
1340 1779 1381 1819 re·

131 1843 275 1922 cipimus,
312 1842 373 1903 iam
395 1863 497 1904 omnes
518 1841 728 1904 Demosthenis
766 1849 796 1902 et
817 1842 850 1905 C.
879 1843 1026 1906 orationes
1047 1852 1207 1924 perpetuae
1235 1845 1382 1924 quaedam

131 1931 202 2008 figg.
225 1937 311 2003 sunt;
333 1950 429 2010 neque
451 1931 530 1992 enim
552 1925 716 2014 εἰρομένη,
739 1949 830 2008 quam
852 1939 968 2005 vocant,
990 1927 1076 2011 λέξις
1098 1931 1131 1990 in
1152 1930 1194 1992 eis
1216 1931 1258 1992 ita
1281 1932 1382 1993 crebro

131 2016 301 2078 offenditur.
334 2017 503 2098 Principem
518 2025 617 2080 autem
630 2015 729 2080 locum
751 2016 783 2076 in
804 2037 836 2079 re
850 2017 1030 2099 explicanda
1051 2017 1078 2080 ei
1099 2018 1211 2082 formae
1226 2019 1383 2081 concedere

130 2103 234 2179 velim,
256 2124 334 2185 quae

604 2261 920 2384 hyperbaton

132 2480 153 2520 a
176 2455 304 2534 Quintil.
328 2463 356 2533 8,
380 2463 407 2532 6,
431 2463 470 2521 62
494 2457 526 2517 in
546 2458 638 2539 tropis
649 2456 817 2538 appellatur
839 2464 869 2518 et
890 2456 932 2518 sie
943 2456 1134 2519 describitur:
1167 2455 1218 2519 Fit
1232 2457 1381 2538 frequen-

131 2547 247 2608 tissime
271 2564 383 2626 aspera
406 2550 434 2607 et
456 2544 535 2606 dara
559 2551 588 2607 et
610 2545 757 2606 dissoluta
781 2550 810 2606 et
832 2543 920 2605 hiens
944 2545 1053 2618 cretio,
1076 2545 1104 2605 si
1119 2544 1160 2604 od
1173 2545 1382 2605 necessitatem

132 2631 253 2694 ordinis
277 2632 326 2693 soi
356 2631 449 2693 uerba
477 2631 657 2712 redigantur
684 2667 725 2677 —
748 2629 920 2711 offerenda
949 2631 1043 2712 ipitor
1065 2631 1218 2713 quaedum
1241 2635 1270 2692 et
1289 2649 1382 2712 proe-

131 2718 296 2792 sarnersdo,
327 2723 417 2801 utque
439 2723 472 2779 ut
494 2719 527 2780 irs
549 2720 709 2781 structuris
731 2718 868 2799 tepidum
890 2717 1113 2800 impolitorum,
1137 2717 1203 2778 loco
1226 2737 1286 2800 quo
1310 2736 1382 2778 ooa-

132 2807 216 2868 oeuit
239 2805 379 2888 quodque
397 2806 584 2887 ponendum.
629 2803 701 2867 Noa
724 2807 805 2866 enirn
829 2803 966 2866 recidere
982 2803 1196 2886 eooecpolire
1207 2823 1381 2886 possemus,

132 2913 194 2976 qao
225 2897 436 2972 eooqmcntcto
465 2912 496 2954 se
526 2893 624 2972 mepta
653 2893 801 2972 iungunt,
832 2891 887 2953 sed
911 2891 1057 2953 utendum
1088 2891 1144 2970 iis,
1174 2891 1279 2974 quotie
1302 2896 1382 2972 sarit,

133 2979 352 3062 eligendaeque
381 2979 477 3042 sedes,
522 2977 589 3042 Nec
620 2979 706 3042 aliud
730 2984 830 3060 potest
859 2996 1028 3039 sermortera
1060 2977 1165 3056 fucere
1188 2995 1385 3040 contererem

133 3086 229 3150 qoam
253 3072 406 3148 oportuna
428 3066 545 3128 ordinis
566 3067 755 3150 permutatio
778 3101 830 3127 -.
861 3063 895 3126 id
916 3083 985 3126 earn
1014 3065 1048 3125 iu
1070 3063 1187 3128 duobus
1216 3061 1315 3126 uerbis
1335 3064 1384 3144 fit,

134 3153 322 3235 urtcstrophe
338 3153 458 3228 dicitur,
473 3155 608 3216 reversio
621 3152 781 3235 quaedam,
795 3151 901 3234 quatio
916 3157 987 3213 sarit
1000 3151 1089 3230 culpo
1105 3171 1246 3226 imecurt,
1258 3170 1383 3225 secura«,

134 3239 221 3322 apud
254 3246 392 3302 oratores
420 3240 543 3322 »quibus
574 3240 612 3303 de
641 3239 754 3304 rebus«.
800 3244 832 3300 ot
863 3258 931 3300 cam
958 3239 1078 3302 decoris
1105 3240 1209 3319 qratia
1241 3239 1382 3300 traicitur

134 3325 256 3408 loopios
278 3327 411 3402 verbum,
431 3327 558 3409 proprie
581 3325 741 3410 hyperbati
763 3331 843 3388 terret
861 3344 991 3388 nomen:
1012 3325 1239 3403 »animaduerti
1264 3343 1383 3387 omnem

135 3415 309 3477 orationem
337 3416 370 3475 io
400 3415 492 3476 duos
521 3415 652 3476 dicisum
682 3433 746 3475 esse
770 3417 933 3495 portes«
962 3411 1091 3496 (Cluent
1117 3413 1146 3490 1)
1175 3420 1229 3474 etc.
1279 3411 1382 3472 Etiam

135 3500 242 3581 alii³⁰)
272 3501 351 3563 hanc
379 3501 537 3564 verborum
565 3501 828 3580 transgressionem
859 3499 922 3561 sine
944 3519 1034 3561 causa
1057 3499 1150 3578 tropis
1173 3498 1383 3559 adiunxerant.

133 3589 184 3650 De
205 3588 335 3669 partium
358 3587 446 3650 huius
467 3589 515 3668 fig.
537 3588 751 3662 distributione,
773 3587 810 3648 de
832 3608 893 3668 qua
913 3586 1011 3647 multa
1032 3594 1062 3647 et
1082 3585 1168 3648 varia
1190 3585 1229 3646 ab
1253 3584 1383 3664 antiquis

133 3674 414 3756 technographis³¹)
436 3675 528 3756 repeti
549 3683 693 3757 poterant,
715 3695 754 3736 no
775 3675 886 3736 diutius
908 3673 955 3734 his
976 3672 1063 3752 nugis
1086 3680 1116 3733 et
1137 3672 1255 3753 ineptiis
1277 3691 1381 3746 morer,

135 3762 233 3824 solum
254 3764 409 3824 Donatum
431 3763 473 3829 K.
496 3763 561 3838 IV,
585 3767 646 3826 401
670 3783 836 3843 sequamur,
859 3761 910 3841 qui
931 3760 1063 3840 quinque
1084 3759 1241 3840 distinguit
1262 3758 1382 3839 species,

135 3849 381 3932 hysterologiam,
404 3850 618 3932 anastrophen,
638 3849 844 3931 parenthesin,
866 3847 981 3922 tmesin,
1004 3845 1174 3928 synchysin.
1218 3845 1322 3926 Atque
1344 3865 1382 3906 ex

243 4073 274 4145 ²⁸)
293 4077 345 4127 Eas
364 4077 427 4144 figg.
446 4076 476 4127 iu
494 4075 591 4143 quibos
610 4076 685 4130 tasas
703 4073 809 4144 inuenti·
826 4072 999 4128 tuearientis
1017 4071 1145 4138 cernitur,
1165 4069 1203 4124 ad
1221 4070 1384 4141 elegantiam

136 4152 161 4201 et
179 4145 390 4200 concinnitatem
408 4144 561 4211 affectatam
578 4149 749 4214 coroparutos
767 4146 847 4198 Dion.
867 4145 927 4194 flul.
947 4145 976 4194 in
994 4161 1033 4210 ep.
1053 4143 1181 4194 sdAmm.
1201 4145 1235 4204 ΙΙ,
1246 4147 1270 4204 2,
1289 4159 1313 4209 p.
1334 4145 1382 4192 792

138 4217 204 4270 Θεατ
222 4214 262 4268 tait
287 4214 402 4290 σχήματα
425 4217 504 4279 dicit,
529 4219 599 4282 quod
617 4219 696 4268 refert
713 4215 818 4266 Ernesti
839 4217 895 4265 154.
932 4214 963 4278 ²¹)
983 4213 1130 4275 θοι-11144,
1152 4215 1200 4278 19,
1220 4216 1267 4273 26,
1292 4212 1383 4277 Aquil.

138 4294 180 4352 27,
198 4234 277 4338 lilart.
297 4291 356 4352 479,
376 4304 453 4338 carm.
474 4287 506 4338 de
524 4289 638 4353 figg63.
666 4287 806 4354 ⁸⁰)Tryph.
819 4288 876 4349 197,
896 4285 974 4349 Greg.
986 4287 1045 4345 218,
1065 4284 1126 4334 Coc.
1138 4286 1197 4344 238,
1216 4284 1312 4348 Georg.
1324 4285 1382 4332 248.

139 4359 175 4425 ³¹)
194 4374 210 4408 a
228 4357 326 4408 (tomis.
346 4363 377 4423 4,
397 4361 445 4422 32,
464 4361 512 4419 44,
531 4358 593 4408 Bed.
613 4360 679 4422 614,
703 4356 791 4407 Tibcr.
812 4359 845 4405 74
870 4361 920 4411 etc.
940 4355 1117 4420 ci.Hern10g.
1139 4355 1203 4416 279,
1229 4352 1315 4402 Dzial.
1342 4356 1383 4416 27,

139 4430 228 4481 Gross.
249 4430 306 4481 183.
