3138 5004
801 379 863 437 120

201 587 340 648 binorum
370 583 528 647 verborum
557 603 602 664 a.;
634 589 735 642 temen
764 581 840 642 talia
866 580 1058 644 inveniuutm
1087 602 1135 661 ep.
1167 581 1228 644 Oie.
1257 581 1382 658 Quinct.
1414 587 1454 644 75

201 673 324 750 adsunt,
349 669 525 751 defendunt,
548 674 590 732 90
613 668 712 748 dietis,
727 669 834 748 factis.
855 668 942 730 Rosa
965 668 999 730 0.
1022 672 1063 730 43
1087 669 1301 750 circumspicit,
1325 674 1456 744 aestuat,

203 759 314 826 Caecil.
332 764 370 821 11
395 756 517 837 adsunt,
541 760 720 838 querantur,
742 754 783 816 V.
799 755 825 828 Ι,
847 758 889 817 43
903 757 1131 829 contemnimur,
1154 753 1348 837 despicimur,
1371 755 1399 830 1,
1414 760 1457 819 34

203 845 366 924 attributa,
389 846 570 920 numerata,
596 846 657 904 125
681 842 786 918 amici,
806 841 991 924 propinqui,
1024 845 1085 904 130
1108 846 1194 903 sarta
1224 846 1323 920 tecta,
1353 846 1387 916 2,
1413 847 1457 906 58

202 933 359 1006 iuimicus,
388 929 497 1005 hostis,
528 933 588 992 106
607 928 728 1010 profer,
753 927 892 1010 emptica,
917 933 949 1002 3,
972 932 1244 1011 4corrnptorem,
1269 927 1458 1008 adulterum,

203 1025 246 1084 62
271 1023 385 1081 taceret
406 977 615 1098 respdnderet,
640 1020 678 1077 71
696 1033 806 1096 capere
823 975 996 1088 concitidru
1019 1013 1284 1096 4,120publicis
1312 1015 1457 1097 privatis,

202 1107 302 1170 sacris
321 1104 473 1188 profanis,
497 1107 536 1164 77
561 1107 646 1180 ture,
670 1100 830 1175 odoribus,
852 1100 971 1164 Caeciu.
997 1105 1038 1163 74
1058 1119 1158 1184 aquae
1180 1101 1296 1176 ductas,
1318 1101 1458 1179 haustus,

204 1196 280 1269 iter,
304 1197 408 1269 actas,
438 1193 480 1253 94
501 1189 758 1268 usumfructum,
788 1187 863 1249 Sull.
886 1191 929 1249 44
956 1188 1077 1250 tacuisti
1101 1205 1214 1270 passus
1243 1205 1291 1265 es,
1321 1187 1389 1251 Mil.
1415 1192 1458 1252 73

206 1240 297 1354 dedit,
317 1277 438 1350 ademit,
460 1275 539 1339 dom.
562 1279 626 1338 137
651 1274 793 1353 diruatis,
817 1274 1000 1351 aedificaris,
1021 1274 1076 1336 Ph.
1099 1274 1141 1348 II,
1165 1280 1204 1337 71
1219 1239 1311 1337 tantis
1335 1274 1459 1352 tatibus,

206 1372 248 1430 78
270 1365 321 1428 isti
342 1363 456 1438 redisti,
481 1368 521 1425 85
546 1361 690 1436 escendis,
714 1361 852 1440 accedis,
877 1365 919 1424 34
942 1361 1034 1444 aequi
1056 1360 1135 1439 boni,
1159 1361 1216 1436 IV,
1241 1365 1280 1423 13
1297 1361 1421 1435 falsa
1409 1381 1459 1424 m·

206 1459 300 1526 certa,
324 1451 443 1514 caduca
464 1448 604 1522 mobilia,
626 1448 674 1522 V,
699 1452 738 1511 36
763 1449 978 1530 conscripserit
1001 1448 1201 1547 aornparorit,
1224 1452 1265 1511 46
1290 1447 1461 1528 defendant

205 1539 407 1619 defenderint,
432 1541 471 1599 53
487 1536 598 1598 darent
611 1535 814 1614 assipnarqeut
836 1534 877 1609 X,
902 1539 942 1598 26
959 1533 1113 1596 1011111111
1128 1535 1328 1617 comparauit,
1350 1540 1462 1597 utatur

206 1627 319 1706 eaiput,
340 1624 399 1699 XI,
424 1625 463 1685 19
481 1627 634 1704 petamus,
658 1580 838 1699 ambiamds,
862 1625 901 1684 31
926 1620 1144 1695 consularibus,
1165 1622 1342 1703 praetoriis,
1364 1621 1462 1697 XIII,

210 1719 249 1776 19
274 1713 385 1775 deutra
408 1709 549 1784 sinistro,
570 1707 668 1782 XIV,
699 1712 738 1771 37
766 1707 942 1790 profliparit
964 1707 1123 1784 ceciderit,
1152 1705 1192 1770 ib.
1226 1705 1260 1772 0.
1285 1705 1395 1769 Pansa
1417 1707 1461 1774 Α
1566 1731 1567 1740 ¹

208 1797 332 1862 Hirtius
354 1806 408 1859 etc.
453 1795 504 1856 Ex
525 1795 564 1856 D.
582 1793 642 1855 huc
663 1802 800 1892 spectant
820 1794 906 1855 haec:
936 1794 1036 1868 XIX,
1068 1755 1131 1857 190
1153 1795 1317 1892 σπονδῶν,
1351 1791 1462 1878 ἱερῶν,

206 1886 300 1961 XXI,
324 1891 363 1949 81
387 1907 426 1990 cp
412 1878 534 1963 δίκῃ,
557 1869 765 1959 ιιῒςιόμιις
790 1881 827 1944 cf.
850 1880 892 1943 ib.
911 1886 981 1955 177,
1005 1887 1044 1944 91
1070 1869 1252 1959 decendero,
1274 1881 1384 1981 XXH,
1409 1886 1462 1957 68,

208 1969 381 2052 μετοίκους
407 1952 684 2072 Α3ηιιιίοιις-
715 1962 750 2029 ἐν
786 1971 857 2039 ταῖς
888 1962 1092 2066 ἐκκλησίαις,
1128 1963 1187 2030 ἐπὶ
1215 1989 1271 2035 coo
1295 1956 1462 2051 βήματος,

207 2058 333 2164 XXIV,
346 2061 387 2121 38
400 2073 567 2153 ιφαιισεν
586 2041 767 2155 steteram,
778 2053 903 2128 XVIII
919 2059 981 2117 270
995 2045 1091 2155 iuro,
1107 2053 1278 2158 pvyxmpai,
1299 2054 1375 2128 XX,
1398 2059 1463 2117 100

208 2139 417 2244 ἐγγυώμεθα,
439 2132 703 2220 ὑπισχνούμεθα,
724 2141 850 2214 XXIII,
875 2137 949 2203 20
939 2131 1070 2206 exsecto
1095 2135 1257 2218 ἀντιβολῶ
1278 2149 1331 2202 etc.
1365 2141 1463 2203 Usur-

207 2239 322 2313 pantur
341 2229 434 2311 igitur
454 2228 544 2302 haec,
567 2247 635 2288 cum
656 2247 703 2288 res
726 2235 872 2306 cognatae
893 2227 942 2290 vel
964 2227 1129 2288 conuenae
1150 2235 1380 2307 congregantur,
1410 2226 1463 2289 vel

209 2339 279 2380 cum
300 2317 360 2378 duo
382 2335 476 2378 unum
499 2314 613 2395 ahquid
634 2321 730 2375 totum
752 2313 932 2394 significant,
955 2314 1004 2376 vel
1023 2334 1091 2375 cum
1112 2313 1238 2377 verbum
1261 2313 1388 2374 alterum
1411 2333 1463 2374 ex·

207 2404 414 2487 planationem
428 2401 534 2482 prioris
555 2400 656 2464 habet.
686 2401 786 2462 Terna
808 2400 1011 2465 autemverba
1031 2408 1094 2461 tam
1117 2421 1206 2481 saepe
1227 2421 1280 2480 per
1294 2400 1464 2481 asyndeton
1567 2409 1568 2436 ¹

204 2493 375 2565 efferuntur,
397 2488 591 2551 utinfinitum
614 2487 653 2548 sit
674 2488 776 2548 omnia
796 2488 934 2568 exempla
956 2485 1074 2561 afferre;
1097 2486 1169 2548 satis
1191 2486 1288 2550 habeo
1310 2487 1461 2550 indicasse

206 2579 296 2640 haec:
319 2580 359 2641 D
381 2575 473 2648 VIII,
497 2579 556 2649 36,
579 2573 643 2648 IV,
668 2579 723 2648 36,
746 2574 878 2648 XVIII,
904 2579 981 2648 189,
1007 2535 1077 2637 195
1121 2573 1225 2634 Etiam
1254 2583 1402 2654 quaterna
1431 2581 1463 2637 et

204 2666 301 2746 quina
322 2673 353 2726 et
373 2683 447 2725 sena
467 2661 561 2724 verba
576 2660 721 2721 dissoluta
736 2661 885 2722 crebriora
906 2669 983 2734 sunt,
1006 2681 1098 2740 quam
1120 2668 1154 2721 ut
1175 2660 1225 2722 hic
1238 2671 1461 2726 enumerentur.
1491 2704 1496 2711 -

207 2753 340 2832 Septena
361 2747 555 2812 inveniuntur
576 2768 624 2827 ap.
647 2747 679 2809 Ο.
702 2747 743 2809 V.
767 2753 802 2820 3,
827 2737 883 2820 27;
908 2751 943 2821 6,
967 2751 1025 2820 32·
1046 2746 1067 2808 1.
1091 2767 1117 2808 1.
1139 2747 1189 2822 11,
1220 2752 1278 2820 39,
1310 2753 1371 2822 66,
1402 2754 1463 2820 96;

208 2838 311 2900 111ιι
337 2842 414 2909 100;
436 2835 492 2896 Ph.
514 2835 556 2909 Π,
582 2839 659 2907 116,
688 2833 784 2908 XIII,
818 2839 852 2908 33
874 2795 970 2908 XIV,
1000 2837 1056 2905 37;
1086 2854 1133 2913 ap
1156 2835 1194 2902 D
1216 2796 1348 2909 XVIII,
1383 2839 1464 2910 237,

206 2933 317 2986 octona
338 2924 371 2986 O.
393 2922 433 2985 V.
457 2927 492 2996 2,
517 2927 593 2993 166;
614 2920 635 2982 l.
658 2941 684 2982 a.
714 2921 763 2994 H,
794 2924 851 2994 38;
880 2920 945 2982 Cat
968 2919 1016 2995 H,
1041 2925 1095 2993 26;
1128 2882 1368 2994 dom.17;Pis.
1406 2927 1464 2996 64;

208 3011 276 3073 Dei.
300 3015 358 3088 26;
382 3008 462 3071 Rab.
484 3009 519 3072 P.
547 3013 604 3080 16;
627 3007 683 3069 Ph.
705 3006 797 3081 XIH,
822 3012 854 3080 2;
877 3027 996 3070 novena
1016 3007 1057 3068 V.
1082 3011 1110 3081 5,
1136 3012 1211 3080 127;
1233 3007 1253 3069 1.
1277 3027 1303 3069 1.
1325 3008 1375 3083 Π,
1401 3014 1464 3082 66;

209 3103 270 3171 71;
293 3097 371 3157 dom.
396 3101 431 3168 1;
457 3100 514 3168 13;
547 3094 625 3155 dena
646 3094 724 3155 dom.
749 3099 805 3167 17;
834 3093 915 3156 Cael.
939 3097 996 3166 353
1018 3093 1113 3155 Marc.
1138 3098 1194 3167 28;
1224 3094 1362 3156 undecim
1384 3094 1465 3158 Sest

212 3188 290 3256 143;
320 3183 377 3245 Ρ11.
401 3180 448 3255 ΙΙ,
473 3180 797 3261 12;·quattuordecim
818 3181 894 3244 Sest.
919 3185 976 3254 98;
1006 3179 1038 3239 in
1064 3179 1128 3242 har.
1157 3201 1228 3243 vero
1249 3202 1273 3246 r.
1299 3186 1339 3243 12
1368 3181 1465 3244 unde·

208 3269 317 3350 viginti
338 3268 461 3330 nomina
482 3288 536 3347 per
557 3267 722 3347 asyndeton
744 3275 962 3329 enumerantur.
1006 3267 1050 3327 Et
1065 3266 1201 3328 similiter
1215 3276 1304 3348 atque
1317 3268 1350 3328 in
1364 3268 1465 3350 polys.

207 3357 301 3418 etiam
329 3356 361 3416 in
389 3376 415 3417 a
438 3373 527 3434 saepe
560 3374 608 3433 ap.
632 3353 666 3416 0.
687 3353 777 3434 plura
803 3354 938 3416 membra
965 3352 1108 3414 dissolute
1136 3362 1303 3434 ponuntur,
1333 3375 1465 3435 quorum

209 3461 303 3504 unum
324 3441 374 3506 vel
395 3441 484 3522 plura
504 3461 605 3502 rursus
620 3440 659 3500 in
680 3440 843 3520 particulas
865 3441 1061 3514 dissecantru,
1092 3441 1179 3502 utin
1201 3441 1319 3504 Caecin.
1344 3447 1385 3505 33
1410 3443 1467 3525 qui

209 3532 243 3591 in
264 3549 341 3612 pace
365 3534 393 3592 et
415 3529 448 3590 in
471 3529 544 3609 otio,
568 3546 637 3589 cum
659 3545 785 3589 manum
800 3527 924 3608 fecerit,
949 3528 1053 3610 copias
1075 3528 1210 3610 pararit,
1234 3528 1466 3590 multitudinem

210 3616 367 3679 nominum
389 3617 535 3697 coeperit,
559 3614 703 3688 armarit,
726 3615 921 3692 instruxerit,
952 3613 1089 3676 homines
1110 3616 1246 3677 inermos
1268 3616 1365 3676 amris
1386 3616 1467 3678 airis

209 3709 329 3766 terrore
341 3702 540 3784 periculoque
553 3700 730 3783 reppulerit,
744 3702 874 3782 suparit,
890 3701 1046 3781 auerterit,
1062 3699 1119 3763 lroc
1132 3701 1215 3763 dicat
1225 3709 1279 3763 etc
1291 3701 1327 3764 cf.
1343 3701 1465 3765 Oluent

211 3795 289 3863 107;
319 3790 393 3852 Vat.
418 3794 453 3862 8;
481 3787 563 3851 Cael.
590 3791 647 3861 46;
677 3787 773 3851 Marc.
798 3794 833 3861 83
860 3787 966 3852 Plane.
991 3792 1047 3862 30;
1076 3788 1117 3851 D.
1140 3787 1232 3862 VIII,
1256 3793 1312 3863 76,
1334 3788 1465 3864 XVIII,

211 3880 285 3938 296.
329 3876 381 3937 Ex
408 3874 664 3937 coniunctionibus
692 3883 792 3936 autem
818 3873 1053 3954 frequentissime
1082 3874 1270 3955 copulativae
1299 3884 1329 3936 et
1358 3875 1466 3940 adver-

209 3961 326 4023 sativae
348 3962 580 4041 supprimuntur,
594 3960 697 4023 uarius
719 3960 853 4022 causales
876 3970 910 4022 ut
931 3961 1052 4038 Quinct
1065 3966 1115 4035 60,
1137 3961 1286 4023 rarissime
1300 3981 1371 4024 vero
1394 3983 1465 4024 con-

211 4047 346 4110 clusivae
367 4057 401 4109 ut
422 4047 462 4110 V.
484 4049 519 4122 4,
542 4053 591 4111 29.
636 4048 789 4110 Postremo
816 4047 985 4127 exemplum
1009 4047 1171 4123 addamus,
1200 4048 1281 4129 quod
1310 4048 1401 4110 simul
1429 4049 1466 4110 in

167 4148 169 4152 ·
210 4133 307 4215 polys.
331 4141 361 4196 et
383 4154 410 4200 a.
434 4134 561 4198 caditO.
578 4134 657 4198 dom.
682 4140 719 4198 5:
743 4135 823 4197 lunc
845 4140 878 4198 tu
900 4135 996 4196 civem
1017 4135 1102 4209 ferro
1114 4141 1143 4197 et
1154 4135 1250 4197 armis
1263 4140 1293 4198 et
1308 4137 1466 4199 enercitus

214 4227 332 4284 terrore
364 4226 392 4283 et
415 4218 574 4283 consutum
596 4220 710 4284 sceiere
733 4227 762 4285 et
784 4220 1060 4285 audacissimorum
1082 4221 1239 4285 hominnm
1260 4222 1368 4297 minis,
1400 4241 1465 4286 ser-

211 4326 321 4370 uorum
343 4307 463 4382 dilectu,
498 4305 669 4371 obsessione
703 4308 903 4391 templorum,
936 4309 1137 4391 occupatione
1152 4309 1231 4389 fori,
1263 4312 1464 4392 oppressione

212 4395 319 4456 curiae
336 4394 445 4476 patria
468 4393 575 4457 cedere
598 4395 722 4477 coepisti
743 4395 798 4478 (cf.
818 4395 920 4456 Flacc.
943 4394 978 4458 fr.
1000 4394 1070 4478 Μ.).
