3136 5004
778 385 796 436 b'

163 580 242 642 hanc
264 579 466 642 translationis
494 581 557 643 sive
578 581 656 660 tropi
686 581 747 642 vim
774 581 805 640 in
828 581 1029 660 exemplorum
1059 599 1154 660 paene
1175 579 1292 638 infinita
1313 578 1412 639 multi-

163 667 266 728 tudine
288 667 435 728 exstitisse
457 675 486 728 et
509 668 681 747 apparuisse
703 668 792 728 etiam
818 677 882 728 tum
908 676 1032 740 constat,
1055 687 1132 746 quae
1146 675 1248 726 tamen
1261 665 1305 725 ita
1324 685 1412 744 saepe

163 753 398 832 usurpabantur,
426 763 460 814 ut
489 763 518 815 et
543 763 662 833 propter
690 754 865 815 immensam
892 754 1112 815 multitudinem
1135 751 1268 812 difficiles
1292 752 1351 812 siut
1373 753 1413 812 ad

162 839 362 918 colligendum
384 848 414 901 et
436 841 473 901 ob
495 840 574 902 hanc
596 841 692 919 ipsam
705 840 901 919 frequentiam
913 861 973 900 non
985 841 1045 901 iam
1061 838 1272 900 efficacioribus
1287 839 1412 898 ornandi

162 926 319 1005 generibus
342 928 533 988 accensenda.
576 927 682 1005 Neque
712 936 848 987 accurate
879 927 994 988 definiri
1023 947 1077 986 nec
1106 924 1305 986 circumscribi
1327 945 1412 1003 posse

162 1022 244 1092 puto,
267 1033 354 1092 quem
378 1013 527 1074 adfinem
549 1013 688 1073 universa
716 1012 805 1072 huius
828 1014 870 1074 rei
892 1014 967 1074 ratio
990 1012 1099 1074 valeat.
1143 1011 1250 1089 Itaque
1271 1031 1333 1070 rem
1356 1011 1411 1072 hoe

162 1099 250 1160 modo
272 1101 460 1160 tractandam
482 1121 545 1160 esse
567 1099 666 1172 statui,
689 1108 723 1159 ut
744 1120 928 1160 communem
953 1099 1040 1160 unius
1063 1098 1204 1176 cuiusque
1225 1097 1302 1175 tropi
1325 1117 1411 1157 usum

163 1185 258 1246 obiter
265 1195 416 1264 tangerem
425 1195 455 1247 et
465 1187 577 1247 rariora
586 1195 703 1246 tantum
711 1186 848 1265 exempla
857 1186 973 1265 plenius
988 1195 1017 1246 et
1026 1185 1192 1246 accuratius
1202 1204 1410 1244 enumerarem.

267 1298 368 1376 Atque
390 1298 564 1360 Aristoteles
577 1298 614 1374 14)
639 1297 757 1377 quidem
779 1298 899 1358 nomine
920 1297 1111 1376 metaphorae
1129 1315 1246 1356 omnem
1261 1306 1412 1375 tropomm

161 1385 307 1444 rationem
337 1386 572 1465 comprehendit;
606 1385 732 1445 necdum
759 1385 836 1444 enim
870 1383 930 1444 illis
963 1383 1143 1463 temporibus
1173 1382 1246 1442 haec
1277 1383 1411 1443 doctrina

163 1469 283 1531 exculta
313 1480 383 1532 erat.
407 1472 588 1548 Quintiliani
599 1469 634 1550 15)
664 1479 763 1531 autem
793 1471 939 1531 sententia
971 1477 1076 1551 hopes
1106 1475 1149 1530 est
1171 1469 1256 1530 uerbi
1278 1469 1325 1530 oei
1348 1489 1410 1530 ser-

162 1558 261 1619 monis
283 1576 303 1617 c
321 1560 453 1639 proprio
476 1558 696 1638 stpnr'ficotiooe
713 1558 745 1618 in
761 1557 855 1618 aliam
867 1576 935 1618 cum
950 1557 1059 1618 airtate
1076 1557 1213 1617 mutatio.
1250 1555 1362 1615 Donati
1373 1553 1411 1633 16)

164 1643 295 1704 eiusdem
320 1645 363 1704 rei
394 1645 468 1705 haec
497 1654 541 1705 est
567 1644 712 1705 definitio:
745 1650 851 1725 tropus
882 1653 927 1704 est
951 1644 1042 1704 ‹lictio
1066 1643 1217 1704 troosluto
1241 1643 1410 1724 aproprr'c

163 1731 383 1809 sipnr'ficotiooe
404 1733 449 1792 cd
469 1751 533 1793 oon
550 1733 711 1812 propriam
733 1730 971 1804 similitudinem,
995 1750 1121 1808 quocum
1145 1728 1184 1788 ad
1205 1728 1329 1788 verbum
1345 1749 1411 1788 con-

162 1817 278 1896 spirant
300 1817 452 1878 Charisius
482 1826 511 1879 et
532 1817 617 1878 Beda
630 1816 672 1896 17).
725 1817 771 1879 Ut
799 1826 898 1878 autem
920 1816 1113 1876 recentiorum
1142 1835 1258 1894 quoque
1282 1814 1411 1894 aliquem

163 1903 329 1976 audiamus,
351 1903 389 1964 G.
412 1905 606 1965 Hermannus
620 1903 656 1983 18)
679 1904 721 1964 sic
743 1924 844 1964 eorum
867 1904 928 1964 vim
951 1902 1124 1982 explicavit:
1154 1909 1312 1982 troporum
1335 1903 1411 1962 baec

164 1995 207 2050 est
228 1996 357 2064 actoru,
381 1997 436 2068 ιιι,
465 2009 533 2052 cum
557 1991 644 2052 eliud
660 2010 721 2072 pro
745 1991 807 2052 olio
829 1992 1022 2068 cominatur,
1046 1990 1149 2050 animo
1172 1989 1262 2070 quasi
1284 2007 1410 2070 occupas

164 2073 275 2156 uliquis
305 2077 475 2158 aperiatur,
505 2079 537 2137 ia
568 2097 657 2158 quem
686 2077 819 2138 ultorum
849 2097 953 2138 rerum
981 2077 1130 2137 varietate
1161 2071 1289 2135 ollactus
1318 2074 1410 2135 libere

162 2163 258 2242 possit
282 2182 456 2225 accurerre.
501 2164 585 2224 Idem
608 2173 708 2224 tamen
723 2164 754 2223 in
768 2184 856 2242 prosa
870 2163 1002 2223 oratione
1017 2171 1135 2242 tropum
1150 2161 1235 2221 unice
1250 2159 1409 2240 cognitioni

162 2249 304 2310 inservire
332 2249 449 2323 scribit,
479 2271 575 2329 neque
608 2250 727 2310 omnino
756 2259 906 2330 troporum
936 2269 1040 2328 prosae
1070 2248 1210 2308 orationis
1234 2247 1323 2309 aliam
1347 2268 1410 2307 esse

162 2336 318 2409 virtutem,
341 2357 433 2415 quam
454 2346 488 2397 ut
510 2337 754 2416 significationem
777 2337 818 2397 rei
840 2357 893 2416 per
914 2345 1031 2415 tropum
1054 2335 1202 2395 indicatae
1224 2333 1408 2414 augeantffl).

266 2448 403 2528 Plerique
430 2449 560 2510 rhetores
591 2470 639 2510 eos
670 2459 723 2510 aut
751 2459 873 2510 ornatus
901 2469 954 2509 aus
975 2447 1157 2508 necessitatis
1179 2447 1276 2526 gratia
1299 2447 1410 2509 assumi

161 2535 272 2608 dicunt,
295 2535 476 2618 Isidorus20)
491 2545 533 2596 ut
554 2536 716 2596 amandam
738 2556 801 2596 esse
820 2536 1036 2614 proprietatem,
1059 2534 1102 2594 ita
1117 2533 1277 2611 aliquando
1291 2543 1411 2613 propter

161 2622 360 2683 humilitatem
383 2623 493 2683 sordidi
519 2631 572 2683 aut
593 2623 691 2702 spurci
713 2621 853 2683 vocabuli
875 2620 1010 2681 tt'ransla
990 2630 1027 2680 trs
1050 2613 1218 2680 nominibus
1241 2641 1303 2680 esse
1326 2629 1409 2680 uten-

160 2709 232 2768 dum
256 2717 370 2781 censet3
392 2718 422 2769 et
443 2708 581 2788 Kleutg.²
590 2707 820 2788 )deleetari
793 2715 836 2768 art
858 2707 991 2768 animum
1013 2727 1110 2766 rerum
1130 2706 1308 2805 pluriumet
1310 2727 1409 2806 saepe

161 2795 425 2864 dissimillimarum
456 2795 676 2875 comparatione
708 2795 870 2855 excitatum
903 2803 932 2854 et
962 2813 1124 2853 sermonem
1153 2813 1187 2852 eo
1215 2793 1278 2872 ipso
1308 2793 1407 2854 incun-

160 2882 272 2940 diorem
295 2901 373 2954 esse,
404 2882 483 2960 quod
510 2881 643 2942 variatus
673 2889 703 2942 et
736 2902 754 2942 a
783 2881 897 2940 ratione
917 2879 1036 2959 vulgari
1064 2888 1093 2940 et
1120 2879 1191 2940 trita
1212 2887 1341 2940 remotus
1363 2880 1408 2952 sit,

161 2976 251 3046 atque
273 2988 362 3047 saepe
383 2968 461 3040 fieri,
489 2977 523 3027 ut
544 2968 586 3028 rei
608 2968 700 3046 ipsius
722 2977 862 3028 naturam
883 2966 1009 3046 repetita
1030 2965 1069 3026 ab
1093 2966 1159 3026 aliis
1178 2965 1265 3026 rebus
1287 2966 1409 3026 nomina

161 3053 305 3114 illustrius
325 3053 484 3115 declarent
530 3053 664 3134 Idem22)
686 3054 838 3134 praecipit,
861 3074 898 3113 ne
920 3053 980 3113 siut
1000 3053 1078 3132 tropi
1100 3052 1193 3126 otiosi,
1216 3073 1254 3112 ne
1276 3051 1409 3131 frequen·

160 3140 264 3212 tiores,
294 3161 332 3200 ne
363 3140 541 3214 dedeceant,
572 3161 610 3200 ne
639 3140 756 3219 longius
786 3141 845 3200 sint
847 3138 1059 3240 arcessiuffi).
1103 3139 1286 3199 Audaciores
1309 3148 1408 3198 autem

160 3234 260 3306 tropos
282 3226 392 3287 molliri
415 3226 516 3287 scribit
537 3227 627 3288 verbo
656 3226 756 3305 aliquo
779 3226 960 3305 interpositio
982 3234 1016 3286 ut
1037 3219 1216 3325 tamquam,
1244 3225 1344 3303 quasi,
1376 3234 1410 3284 ut

161 3313 204 3372 ita
226 3305 341 3388 dicam,
364 3313 518 3374 similibus.
563 3313 650 3388 Quae
679 3334 765 3393 porro
787 3333 909 3392 genera,
945 3333 1021 3391 quae
1043 3313 1168 3391 species,
1191 3311 1242 3391 qui
1270 3332 1408 3371 numerus

161 3399 267 3478 cuique
289 3361 478 3473 subiiciatur,
508 3400 545 3460 de
575 3421 611 3460 ea
637 3421 668 3460 re
698 3398 989 3479 inexplicabilemet
1010 3399 1210 3478 grammaticis
1232 3398 1309 3457 inter
1330 3397 1408 3477 ipsos

160 3495 191 3546 et
215 3485 399 3566 philosophis
421 3507 553 3566 pugnam
582 3495 688 3548 esset
675 3487 766 3548 tradit
795 3485 921 3562 Quintil.
944 3485 963 3546 l.
986 3506 1010 3546 c.
1054 3486 1096 3545 Et
1117 3485 1276 3546 Volkm.'·'⁴
1271 3501 1280 3562 )
1308 3504 1407 3544 eorum

97 3592 101 3599 ·
161 3580 287 3645 tantum,
310 3573 361 3651 qui
384 3594 402 3634 a
425 3573 552 3648 Quintil.
574 3573 778 3646 nominentur,
800 3573 945 3633 rationem
974 3571 1125 3632 existimat
1146 3591 1208 3631 esse
1230 3570 1408 3631 habendam.

161 3659 227 3736 Ego
249 3659 368 3738 quidem
390 3659 465 3719 nihil
488 3668 560 3739 puto
583 3660 708 3720 attinere
730 3659 913 3738 singulorum
936 3658 985 3718 hic
1005 3657 1093 3717 huius
1107 3657 1221 3737 generis
1233 3657 1407 3737 scriptorum

160 3744 319 3806 divisiones
342 3755 372 3806 et
389 3746 511 3806 nomina
533 3745 679 3818 exhibere,
702 3746 733 3806 iu
756 3745 879 3825 singulis
903 3754 1001 3805 autem
1025 3744 1125 3804 formis
1143 3743 1326 3823 explicandis
1340 3765 1408 3804 eum

160 3830 288 3906 Quintil.
311 3833 426 3893 omissis
448 3831 689 3894 cavillationibus
711 3832 890 3892 necessarios
912 3830 1042 3891 maxime
1062 3839 1151 3909 atque
1161 3839 1292 3909 receptos
1308 3839 1407 3909 tropos

160 3937 316 3995 exsequar,
346 3939 441 3997 neque
467 3928 567 3979 tamen
598 3928 651 3978 aut
681 3919 768 3978 huius
799 3928 852 3979 aut
874 3917 950 3978 alius
973 3917 1148 3995 cuiusquam
1171 3917 1296 3995 vestigia
1319 3916 1408 3976 anxie

268 4125 296 4188 ¹³)
314 4126 387 4176 Poet.
407 4142 447 4192 op.
468 4130 507 4176 21.
528 4127 566 4176 ed.
586 4126 697 4189 Vahlen,
717 4141 794 4189 quem
812 4124 901 4173 locum
920 4121 1019 4173 Gerber
1038 4123 1083 4184 ΙΙ,
1104 4125 1135 4171 26
1155 4137 1210 4185 sqq.
1221 4121 1307 4171 fusius
1323 4139 1405 4188 expo·

161 4195 222 4245 suit.
262 4192 335 4262 ι’)8,
355 4199 421 4259 6,1.
460 4195 490 4260 ιε)
508 4212 549 4261 ap
560 4196 630 4245 Keil
642 4195 686 4258 IV
697 4197 762 4257 399
784 4192 867 4256 ι”)ἰΙι.
879 4193 923 4241 IV.
936 4195 993 4240 272.
996 4208 1053 4256 ,.ap
1064 4159 1151 4240 llahn.
1166 4194 1224 4241 607.
1256 4191 1284 4256 19)
1302 4207 1408 4258 opuscc

161 4265 233 4313 acad.
253 4264 274 4327 I,
294 4267 334 4315 99.
372 4264 402 4325 ¹³)
422 4265 454 4314 cf.
475 4265 573 4330 Tryph.
593 4281 637 4330 ap.
655 4264 752 4330 Speug.
771 4264 819 4327 ΙΙΙ,
833 4264 889 4324 191,
910 4262 988 4325 Greg.
1008 4261 1043 4310 ib.
1055 4263 1105 4310 215
1124 4265 1175 4310 eto.
1214 4260 1304 4326 ²⁰.)ap
1319 4262 1407 4311 Halm.

162 4335 221 4384 516.
258 4333 289 4400 ²¹)
317 4351 342 4400 p.
367 4336 410 4384 46,
446 4334 483 4398 ²²)
508 4351 532 4400 p.
559 4337 591 4384 57
617 4349 673 4397 sqq.
716 4333 747 4399 ²³)
773 4333 805 4382 cf.
825 4331 886 4381 Isid.
908 4331 924 4380 l.
945 4346 982 4394 o.‚
1002 4330 1092 4380 Albin.
1112 4345 1151 4394 ap.
1172 4330 1205 4378 H.
1226 4333 1284 4393 544,
1304 4331 1408 4382 Volhm.

161 4403 236 4452 Rhet.
258 4406 316 4453 467.
354 4403 384 4468 Ν)
404 4403 510 4454 Volkm.
529 4404 652 4468 Harmag.
675 4404 732 4453 256.
