3138 5004
761 403 822 461 144

689 488 895 495 ..w——

169 607 271 671 eodem
293 609 383 672 verbo
405 607 551 689 incipiunt
578 608 611 669 in
641 607 693 668 illo
715 607 945 670 Demosthenico
973 608 1097 682 XVHI,
1133 611 1208 670 265:
1243 601 1416 680 ἐδίδασκες

168 685 362 781 γράμματα,
386 688 447 778 e'yal
472 687 500 759 δ’
524 691 669 780 ἐφοίτων
698 687 769 758 acci.
798 715 874 775 quae
896 695 1044 758 contentio
1072 715 1090 756 a
1111 693 1243 756 Demetr.
1269 695 1416 756 immerito

168 790 288 863 propter
316 783 440 843 nimiam
469 790 562 844 artem
584 782 807 862 reprehenditur
814 805 821 856 ;
851 803 947 862 neque
976 782 1055 844 enim
1083 781 1132 842 hic
1154 781 1193 844 D.
1217 781 1316 842 auimo
1338 803 1417 843 oom-

168 878 248 930 moto
269 869 318 932 vel
340 869 487 931 concitato
509 869 579 948 agit,
603 867 654 930 sed
675 877 754 930 totus
772 869 824 930 ille
838 868 920 931 locus
936 869 975 930 ad
985 868 1167 929 irridendum
1184 877 1214 930 et
1228 867 1415 929 illudendum

168 956 356 1020 convertitur.
403 955 449 1019 Oi.
471 956 604 1030 XXIII,
636 961 697 1018 215
721 976 783 1036 sqq.
827 956 940 1018 aris.
964 961 998 1029 23
1032 961 1084 1027 15;
1118 954 1138 1016 l.
1162 976 1187 1016 a.
1210 955 1259 1029 Π,
1291 960 1327 1028 3;
1358 959 1415 1029 573

168 1043 234 1105 Mil.
251 1048 310 1116 55;
332 1043 436 1121 Pomp.
456 1048 512 1116 113
535 1042 610 1105 Sall.
636 1046 683 1104 15.
727 1043 880 1124 Utraeque
902 1051 1002 1104 autem
1024 1041 1218 1104 contentionis
1241 1050 1340 1121 partes
1362 1063 1416 1122 per

168 1130 278 1210 anaph.
307 1130 500 1191 enuntiantur
521 1150 569 1210 ap.
592 1129 624 1191 O.
647 1129 687 1193 V.
715 1135 747 1204 1,
781 1135 799 1192 9
830 1149 894 1192 aaa
908 1130 1031 1209 sarem,
1062 1130 1117 1192 sed
1139 1135 1324 1211 ereptorem,
1353 1148 1417 1191 aaa

168 1217 356 1297 adulteram,
380 1217 433 1279 scd
456 1221 699 1298 sapapaatorem
715 1217 900 1298 padicitiae,
922 1235 985 1278 ooo
1007 1216 1201 1296 sacrilepam,
1224 1215 1279 1279 sed
1300 1215 1416 1277 bostem

168 1323 336 1379 sacrorum,
358 1323 421 1366 aori
436 1304 589 1377 scoriam,
605 1303 659 1365 sed
673 1303 847 1377 carnificem
863 1299 1099 1384 adducimus.⁵⁰)
1133 1302 1251 1366 Evolve
1263 1310 1417 1382 praeterea

167 1391 233 1452 Mil.
259 1396 299 1453 10
322 1390 369 1470 (cf.
390 1390 430 1452 V.
454 1395 482 1464 5,
505 1391 590 1470 139),
615 1394 672 1463 52;
702 1389 819 1451 Caecin.
844 1395 879 1463 33
908 1395 965 1464 63;
997 1395 1050 1464 76;
1080 1389 1172 1453 Arch.
1198 1394 1234 1462 8;
1265 1389 1332 1451 Dei.
1356 1395 1415 1464 31;

167 1478 208 1542 V.
234 1481 261 1552 5,
286 1483 340 1550 853
375 1481 451 1551 1253
484 1481 512 1551 3,
536 1481 595 1550 823
628 1482 706 1550 127;
728 1477 815 1538 Rosc.
837 1475 876 1538 A.
902 1482 958 1550 13;
984 1482 1061 1550 110;
1086 1476 1161 1539 Sest.
1186 1481 1262 1548 13&
1285 1475 1350 1538 Cat
1374 1477 1415 1551 H,

169 1569 226 1637 25;
253 1564 340 1639 Rosc,
363 1564 396 1626 Ο.
421 1569 455 1636 7;
489 1568 546 1636 23;
578 1568 636 1635 29;
670 1568 729 1635 333
752 1563 830 1625 Mur.
855 1567 911 1636 22;
933 1563 1011 1626 Rah.
1031 1585 1059 1644 p.
1084 1568 1140 1635 12;
1163 1562 1204 1625 D.
1227 1563 1318 1637 XXI,
1343 1568 1416 1638 203,

166 1651 258 1725 XIX,
283 1656 354 1726 230,
378 1655 449 1726 278,
473 1655 534 1713 326
558 1669 600 1729 sq.
622 1650 748 1724 XXIII,
772 1655 842 1724 209,
864 1650 987 1724 XXIV,
1011 1655 1060 1713 55.
1096 1649 1255 1729 Singulare
1272 1649 1417 1730 quiddam

167 1738 255 1800 huius
277 1759 306 1818 g.
330 1747 375 1800 est
397 1759 446 1818 ap.
468 1736 501 1799 O.
524 1737 605 1800 Cael.
630 1741 687 1800 13;
722 1734 796 1816 Quis
819 1736 1001 1799 clarioribus
1029 1738 1104 1799 ciris
1130 1733 1315 1798 iucundior?
1348 1738 1418 1819 pais

169 1825 356 1908 turpioribus
379 1823 591 1886 cooimrctiort
613 1825 681 1906 qais
704 1824 777 1885 eicis
799 1823 959 1886 meliorum
978 1826 1118 1907 partiam
1137 1823 1326 1906 atiqaoactot
1348 1824 1418 1906 qais

168 1912 297 1974 taetrior
319 1913 412 1974 bostis
434 1911 504 1972 buia
526 1911 662 1972 civitati?
685 1911 752 1993 pais
773 1911 807 1971 ia
827 1910 1031 1993 voluptatibus
1052 1911 1263 1994 iaqoiaotiort
1294 1911 1361 1992 qais
1383 1911 1418 1972 ia

168 1998 324 2061 laboribus
344 1999 533 2081 patientior?
566 1998 634 2081 qais
661 1998 695 2058 ia
725 1996 896 2078 rapacitate
920 1998 1065 2060 avertat
1099 1999 1166 2080 qais
1192 1998 1226 2058 ia
1253 1997 1416 2076 tarpitioae

169 2086 317 2166 eſjirsiorl
361 2084 423 2146 Hic
445 2105 506 2146 non
527 2085 615 2146 modo
630 2084 830 2164 repugnantia
840 2084 997 2146 verborum
1011 2093 1041 2146 et
1050 2104 1148 2144 rerum
1160 2083 1207 2146 vis
1220 2084 1417 2145 contentionis

169 2173 265 2252 magis
287 2172 439 2246 incitatur,
470 2171 521 2232 sed
546 2171 636 2233 etiam
658 2171 732 2232 haec
753 2191 852 2231 rerum
873 2171 1139 2234 diversissimarum
1161 2171 1193 2230 in
1214 2191 1274 2231 uno
1296 2170 1418 2232 homine

168 2260 335 2321 coniunctio
358 2259 449 2320 eiusd.
470 2258 554 2321 verbi
575 2259 609 2319 in
629 2258 761 2338 utrisque
783 2258 978 2320 contentionis
992 2258 1127 2338 partibus
1142 2257 1314 2338 repetitione
1329 2259 1417 2338 quasi

104 2417 105 2420 Ἴ
168 2347 351 2427 depingitur;
374 2345 410 2407 cf.
423 2344 540 2407 Cluent.
555 2350 606 2408 80.
644 2344 835 2425 Comparatio
856 2365 951 2426 porro,
974 2365 1051 2425 quae
1070 2345 1136 2425 ipsa
1157 2344 1304 2406 eontentio
1327 2365 1417 2424 quae·

168 2433 238 2506 dam
270 2442 328 2508 est,
357 2453 417 2494 non
440 2453 605 2512 numquam
636 2440 700 2493 tota
730 2432 830 2512 capita
852 2432 1072 2512 complectitur,
1103 2440 1138 2493 ut
1164 2431 1197 2491 in
1220 2430 1253 2493 Ο.
1275 2431 1331 2494 Ph.
1355 2431 1416 2506 III,

170 2527 185 2596 ἓ
211 2526 230 2584 8
252 2541 324 2600 sqq,
347 2519 421 2581 sull.
446 2523 485 2580 15
509 2527 562 2580 etc.

271 2607 388 2681 Restat,
417 2614 452 2666 ut
473 2605 575 2686 aliqua
598 2606 735 2667 adiiciam
763 2606 800 2667 de
822 2605 989 2679 conhario,
1012 2605 1092 2686 quod
1113 2604 1223 2667 Cornif.
1247 2609 1275 2680 4,
1301 2610 1348 2680 18,
1373 2609 1413 2669 25

167 2702 278 2756 tractat
298 2694 344 2754 his
366 2692 482 2756 verbis:
515 2695 705 2756 contrariam
735 2693 816 2755 idem
832 2694 904 2771 fere
927 2697 986 2770 est,
1018 2692 1101 2775 qaod
1123 2692 1285 2756 coateatio.
1332 2689 1415 2754 Coa-

168 2783 298 2843 trorium
321 2786 374 2861 est,
398 2779 481 2862 qood
503 2779 650 2842 carebas
673 2777 802 2842 dirersis
825 2778 943 2842 duobos
966 2779 1099 2844 alteram,
1119 2778 1249 2841 breuiter
1272 2783 1299 2840 et
1314 2777 1415 2859 focile

169 2867 337 2946 confirmat.
382 2867 428 2931 Ut
448 2887 551 2929 verum
581 2867 633 2942 sit,
662 2868 742 2947 quod
763 2867 883 2948 Kayser
906 2871 968 2929 290
994 2866 1080 2940 dicit,
1109 2865 1202 2929 verba
1224 2867 1416 2928 contrariam

168 2955 249 3018 idem
265 2955 337 3034 fere
360 2959 412 3028 est,
437 2954 520 3037 qaod
541 2958 693 3017 coateatio
717 2955 939 3016 annotationem
959 2952 1070 3014 indocti
1088 2953 1204 3014 lectoris
1220 2973 1290 3028 esse,
1312 2960 1415 3014 tamen

169 3041 358 3122 sequentibus
385 3041 447 3102 eius
468 3041 580 3116 verbis,
609 3042 717 3123 quibus
740 3041 881 3115 ostendit,
909 3040 1126 3102 contentionem
1155 3061 1264 3119 magno
1286 3060 1373 3120 opere
1396 3061 1416 3101 a

149 3151 151 3155 ·
168 3129 315 3191 contrario
336 3127 451 3188 differre
472 3128 608 3208 idemque
630 3149 692 3190 esse
714 3129 770 3190 hoc
792 3149 859 3190 cum
878 3127 963 3188 tertio
979 3126 1174 3189 conclusionis
1194 3125 1331 3207 modo,⁵¹)
1352 3147 1416 3187 non

169 3214 289 3278 omnino
311 3235 432 3295 possum
454 3215 599 3278 accedere.
644 3216 750 3295 Neque
771 3215 851 3276 enim
872 3214 974 3289 video,
1004 3234 1057 3275 cur
1082 3233 1134 3288 ea,
1167 3234 1244 3294 quae
1273 3214 1306 3273 in
1329 3234 1415 3293 argu·

99 3341 102 3348 ,
167 3302 349 3364 mentatione
370 3302 568 3382 repugnantia
583 3310 805 3383 congregantur,
828 3323 889 3362 non
907 3301 1010 3363 eadem
1028 3301 1060 3360 in
1074 3301 1292 3362 contentionem
1310 3300 1416 3362 cadere

167 3390 294 3470 possint3
317 3410 388 3450 nam
410 3389 476 3468 ipsa
489 3409 605 3469 quoque
622 3398 699 3450 cont.
715 3410 775 3450 non
789 3389 882 3470 ipsius
896 3387 1098 3461 contentionis,
1113 3386 1165 3449 sed
1176 3387 1415 3468 amplificationis

168 3498 261 3538 causa
282 3477 456 3550 assumitur;
479 3495 571 3555 quare
592 3497 653 3537 non
676 3497 774 3549 causa,
797 3497 849 3537 cur
861 3475 937 3536 talia
951 3475 1156 3548 adhibeantur,
1178 3475 1227 3535 hic
1242 3475 1414 3555 spectanda,

169 3564 220 3625 sed
241 3564 308 3642 ipsa
329 3563 487 3626 verborum
514 3563 721 3637 conformatio,
749 3583 843 3643 neque
870 3569 928 3636 est,
959 3561 1038 3642 quod
1067 3561 1259 3636 contrarium,
1290 3562 1344 3622 etsi
1375 3562 1416 3622 ad

169 3651 437 3730 argumentandum
459 3649 621 3725 confertur,
654 3671 715 3712 non
743 3649 831 3710 simrd
860 3649 970 3728 species
1000 3648 1194 3710 contentionis
1224 3669 1286 3710 esse
1311 3649 1415 3728 possit

168 3737 349 3817 Exemplum
372 3746 470 3799 autem
493 3745 610 3818 praeter
640 3757 689 3811 ea,
722 3757 798 3817 quae
819 3737 880 3797 iam
903 3757 993 3816 supra
1014 3736 1208 3815 irrepserunt,
1238 3735 1359 3796 exhibet
1380 3735 1415 3798 O.

168 3824 256 3888 Rosc.
288 3824 320 3886 O.
343 3829 384 3887 45
417 3844 524 3887 eamme
556 3829 659 3886 testem
690 3822 888 3907 improbabit,
918 3842 1007 3905 quem
1034 3822 1165 3885 iadicem
1192 3821 1356 3904 probarit?
1387 3824 1416 3884 ei

169 3911 290 3992 aepabit
313 3912 397 3974 credi
420 3917 576 3994 oportere,
609 3912 658 3973 cai
686 3911 751 3993 ipse
774 3910 959 3972 crediderit?
990 3917 1043 3971 eto.
1073 3909 1109 3971 cf.
1132 3909 1171 3972 ib.
1196 3913 1228 3984 5;
1259 3914 1294 3983 6;
1321 3910 1361 3972 V.
1386 3914 1414 3985 1,

273 4101 305 4167 ⁵⁰)
324 4103 412 4153 Etiam
430 4103 530 4153 Paulus
549 4103 693 4168 Apostolus
703 4093 778 4151 'talia
796 4101 912 4161 adhibet,
931 4107 962 4152 ut
980 4101 1100 4152 Corinth.
1119 4104 1140 4166 I,
1160 4105 1183 4164 4,
1204 4104 1248 4152 10:
1268 4097 1328 4152 Nos
1337 4099 1417 4152 stulti

165 4175 279 4240 propter
297 4171 442 4235 Christum,
462 4185 509 4224 cos
527 4173 615 4223 aateia
631 4168 779 4238 prodentes
798 4169 960 4234 iadbristm
979 4169 1147 4235 rosistirmi,
1165 4168 1415 4235 roscatemfortes;

168 4257 214 4294 cos
232 4239 340 4307 nobiles,
359 4255 407 4293 ros
424 4239 562 4309 ipaobiles.
600 4241 631 4308 ⁵¹)
651 4240 707 4293 Cio.
726 4247 778 4307 top.
797 4242 831 4292 55
850 4241 881 4292 de
899 4257 929 4291 eo
948 4240 987 4291 sie
1005 4241 1076 4307 agit:
1095 4254 1129 4293 ea
1146 4239 1195 4292 boc
1213 4238 1264 4291 illa
1278 4237 1416 4292 rhetorum

169 4325 203 4363 ecc
221 4311 369 4364 contrariis
385 4309 518 4376 conclusa,
537 4323 606 4376 pieac
623 4307 679 4378 ipsi
698 4306 858 4384 ἐνθυμήματα
877 4308 1029 4376 appellaret·
1047 4308 1416 4378 coapaimomnisseatentia

165 4379 281 4448 proprio
298 4379 406 4433 aomiac
424 4377 555 4454 ἐνθύμημα
574 4378 696 4444 dicatur,
721 4377 768 4430 sed
789 4407 823 4416 -
841 4378 908 4446 qaia
925 4377 1036 4432 oidetar
1054 4393 1099 4445 eo,
1124 4393 1194 4446 qaae
1212 4393 1246 4431 err
1264 4377 1416 4432 contrariis

170 4449 320 4517 cautritur,
339 4447 507 4514 acutissima,
526 4448 586 4502 sola
599 4447 713 4518 proprie
730 4463 822 4502 remea
840 4462 974 4502 commem
989 4447 1118 4518 possedit.
