3138 5004
756 358 961 449 --GL

236 579 402 639 exponere,
427 561 553 640 planum
574 559 682 633 facere,
711 559 872 621 acervatim
901 559 1015 639 reliqua
1044 560 1139 621 dicere
1161 559 1288 639 (Cluent.
1314 559 1380 637 30),
1407 578 1466 619 voce

238 646 389 726 attingere,
413 647 565 708 maculare
586 645 672 725 (Sest.
690 648 776 722 108),
799 665 920 706 causam
942 667 1014 708 voce
1037 647 1186 719 sustinere,
1210 645 1347 725 consequi
1364 644 1467 723 (033311.
1518 685 1519 688 ¹

238 736 300 812 39),
324 733 508 794 adversarios
530 732 620 811 figere
643 732 695 811 (or.
719 738 778 812 893
801 732 837 793 cf.
860 732 959 793 deor.
984 737 1012 806 2,
1036 737 1110 806 219;
1135 735 1217 813 293),
1239 733 1364 805 13113313,
1385 730 1468 790 media

237 819 364 880 incidere
386 820 452 898 (Ph.
468 820 509 893 ΙΙ,
522 825 590 898 47),
614 839 756 892 evomere,
777 827 908 879 retexere
920 818 987 899 (Ph.
1000 820 1041 893 11,
1055 822 1118 897 32),
1141 827 1317 899 argumenta
1339 837 1468 897 spargere,

237 906 401 967 convellere
423 905 517 979 velle,
539 925 616 985 quae
637 925 697 965 non
720 913 845 984 possunt
866 906 1043 968 commoveri
1065 905 1113 984 (de
1130 926 1171 968 or.
1197 911 1225 979 2,
1242 905 1327 988 205),
1349 903 1467 965 Caesaris

237 993 348 1072 scripta
370 991 547 1052 calamistris
569 992 685 1052 inurere
708 991 805 1070 (Brut.
831 994 920 1070 262),
943 992 1074 1071 redigere
1096 993 1127 1051 in
1150 992 1297 1071 quadrum
1318 1010 1469 1050 numerum-

237 1098 295 1158 que
316 1079 478 1139 sententias
500 1081 552 1157 (ο1.
579 1083 678 1151 208),
699 1078 807 1140 silvam
829 1098 926 1138 rerum
949 1078 1077 1138 formare
1098 1077 1165 1151 filo,
1195 1077 1365 1138 illuminare
1386 1076 1469 1138 verbis

236 1165 284 1244 (de
306 1186 346 1225 or
370 1169 398 1236 3,
424 1170 500 1238 103;
524 1164 560 1225 31.
583 1184 624 1226 or.
651 1167 733 1244 124),
756 1164 793 1224 de
815 1185 856 1228 or.
875 1169 902 1238 2,
927 1170 988 1227 303
1012 1165 1134 1244 quidam
1157 1125 1295 1225 dicuntur
1309 1163 1469 1234 exulcerare,
1520 1206 1521 1264 )

236 1271 313 1330 quae
336 1272 442 1312 333313
451 1259 622 1351 nequeunt.
602 1249 778 1312 tOrator
800 1213 917 1312 subtilis
940 1273 977 1312 ex
999 1251 1126 1313 vinculis
1142 1271 1331 1312 numerorum
1347 1249 1470 1311 eximitur
1520 1279 1521 1306 ;

237 1341 289 1416 [or.
308 1338 371 1420 77),
394 1338 460 1398 sani
482 1346 512 1398 et
533 1337 602 1398 sicci
625 1345 710 1410 sunt,
734 1336 785 1416 qui
807 1337 911 1398 dicunt
931 1337 1032 1399 Attice
1056 1338 1103 1418 (de
1126 1346 1185 1417 opt.
1209 1357 1275 1415 gen
1302 1342 1343 1412 8),
1365 1336 1471 1414 fingitur

236 1409 1521 1505 31333331333111,311331,13331331,ο133331((1331.2,1231,133133(Β1113.58);

237 1519 385 1570 oratorum
409 1518 590 1610 usurpantur
620 1518 724 1589 partus
747 1519 836 1589 atque
858 1511 953 1572 fontes
978 1509 1031 1592 (15.
1054 1472 1124 1593 49),
1146 1472 1264 1571 uberior
1285 1508 1414 1589 3331131(1
1419 1506 1470 1587 82),

234 1597 320 1658 13333
342 1596 506 1678 supellex
497 1618 530 1656 m
552 1596 746 1657 instrumento
771 1596 823 1666 ((13
845 1618 878 1657 31
913 1604 939 1671 1,
965 1600 1051 1670 165),
1073 1596 1202 1658 cincinni
1224 1604 1254 1656 et
1278 1596 1364 1656 fiscus
1387 1594 1436 1675 (15,
1448 1599 1469 1664 3,
1521 1629 1522 1666 3

238 1689 321 1758 100),
342 1683 446 1744 lacerti
469 1683 515 1761 (B.
539 1682 674 1760 64);15.
697 1683 806 1763 Lysias
828 1683 936 1744 dicitur
958 1684 1115 1762 strigosior,
1140 1688 1201 1746 285
1225 1681 1387 1743 Phalereus
1408 1679 1470 1740 flori-

237 1770 319 1843 dior,
354 1775 414 1832 317
439 1769 620 1830 Hortensius
643 1769 848 1843 deflorescens,
882 1790 923 1830 or.
956 1776 997 1832 20
1027 1769 1079 1830 alii
1105 1779 1224 1841 tenues,
1255 1769 1352 1840 acuti,
1384 1786 1470 1847 pressa

237 1857 369 1916 oratione
391 1856 496 1929 limati,
520 1855 572 1915 alii
594 1855 633 1916 ib.
657 1861 697 1917 99
721 1877 812 1929 33133,
835 1857 979 1918 ardentes.
1024 1856 1137 1917 Dicunt
1159 1864 1258 1915 333331
1281 1864 1311 1916 et
1323 1855 1471 1933 loquuntur

236 1951 265 2002 et
284 1942 439 2022 disputant
461 1950 590 2004 oratores
605 1951 698 2015 acute,
721 1904 859 2016 dilucide,
880 1944 1035 2016 subtiliter,
1057 1943 1211 2021 explicate,
1235 1941 1381 2014 distincte,
1393 1940 1470 2000 abun·
1522 2005 1523 2024 ¹

236 2028 349 2103 danter,
371 2029 546 2102 illuminate,
569 2029 728 2101 enucleate,
751 2028 866 2103 limate,
889 2029 979 2104 elate,
1003 2038 1114 2108 argute,
1137 2028 1299 2107 inquinate,
1321 2027 1470 2096 summisse,

236 2115 381 2214 graviter,
404 2123 580 2194 temperat,e
604 2102 763 2188 subtiliter,
786 2135 926 2190 nervose,
948 2116 1069 2189 13111331,
1093 2135 1215 2194 aspere,
1238 2114 1384 2187 concluse,
1407 2123 1470 2191 apte,

236 2201 340 2274 13111113,
363 2201 486 2274 minute,
510 2201 637 2263 vitanda
659 2209 729 2261 sunt
751 2211 842 2275 curta,
866 2163 1086 2276 claudicantia,
1097 2201 1296 2262 redundantia
1320 2197 1471 2283 (31.173),

236 2287 355 2361 1333113,
377 2288 494 2348 hiantia
516 2288 572 2368 (or.
598 2286 669 2368 32),
691 2287 834 2362 infracta,
859 2297 1015 2368 amputata
1037 2289 1089 2370 (15.
1114 2289 1203 2366 170),
1226 2287 1394 2365 expetenda
1414 2292 1471 2345 sunt

237 2383 316 2453 apta,
338 2373 424 2435 finita
446 2383 500 2436 333.
545 2373 792 2453 Eloquentia
814 2396 876 2436 una
897 2384 958 2450 333,
981 2393 1182 2455 quascumque
1210 2374 1241 2432 in
1263 2393 1330 2433 oras
1354 2373 1471 2451 disputa·

235 2461 323 2522 tionis
345 2461 516 2541 regionesve
538 2460 667 2521 defertur
691 2460 740 2544 (de
762 2483 802 2523 or.
826 2468 857 2536 3,
882 2465 948 2541 22),
972 2462 1111 2523 Isocratis
1141 2461 1268 2522 educata
1295 2457 1470 2520 nutrimentis

235 2547 301 2627 ipsa
323 2568 354 2608 se
375 2557 478 2628 postea
505 2547 649 2609 coloravit
675 2557 704 2609 33
730 2549 882 2610 roboravit
903 2551 954 2627 (or.
978 2551 1050 2627 42),
1080 2568 1097 2608 3
1118 2548 1234 2626 Pyraeo
1256 2555 1361 2608 evecta
1383 2563 1472 2606 331333

235 2635 406 2713 peragravit
433 2634 547 2694 insulas
577 2643 666 2713 atque
693 2635 736 2694 ita
764 2635 952 2714 peregrinata
974 2642 1019 2695 est
1041 2642 1106 2694 tota
1127 2633 1215 2706 Asia,
1245 2641 1280 2693 ut
1301 2653 1333 2693 se
1356 2630 1471 2694 externis

235 2720 379 2781 oblineret
405 2719 536 2781 moribus
570 2741 745 2799 omnemque
778 2720 862 2780 illam
893 2721 1099 2782 salubritatem
1127 2720 1248 2780 Atticae
1283 2718 1420 2780 dictionis
1450 2723 1473 2776 33

236 2807 321 2885 quasi
344 2807 501 2867 sanitatem
523 2806 658 2886 perderet
680 2807 726 2886 (B.
752 2812 792 2880 51,
814 2808 998 2886 eloquentiae
1019 2807 1246 2867 fundamentum
1270 2815 1315 2865 est
1337 2803 1473 2885 sapientia

236 2899 290 2962 (or.
317 2893 378 2973 70),
401 2893 527 2973 speciem
550 2893 697 2973 perfectae
720 2894 819 2954 animo
837 2894 991 2968 videmus,
1021 2892 1148 2972 effigiem
1171 2892 1292 2952 auribus
1315 2891 1473 2970 quaerimus

235 2978 336 3057 (15.9),
358 2979 489 3039 maxime
503 2979 674 3040 excellentis
697 2980 807 3059 species
823 2989 852 3041 et
865 2980 960 3041 forma
974 2980 1169 3041 adumbratur
1181 2979 1233 3057 (ib.
1250 2981 1314 3052 43).
1344 2976 1474 3039 Oratio

234 3064 330 3144 polita
351 3073 396 3126 est
418 3065 468 3148 (de
490 3087 531 3129 or.
558 3072 584 3139 1,
609 3069 670 3145 31),
692 3066 791 3145 plena,
813 3076 896 3141 teres,
919 3067 1016 3128 tenuis
1038 3086 1098 3126 non
1121 3066 1184 3126 sine
1201 3064 1299 3126 nervis
1322 3073 1353 3125 et
1371 3063 1473 3126 viribus

235 3151 284 3229 (ib.
309 3157 336 3224 3,
362 3157 447 3228 199),
471 3151 553 3226 levis,
577 3161 698 3225 structa,
721 3153 897 3227 terminata,
920 3189 963 3198 »-
985 3173 1106 3232 aspera,
1128 3151 1255 3225 horrida,
1278 3171 1333 3211 nec
1355 3149 1474 3231 perfecta

234 3258 289 3298 nec
312 3239 453 3299 conclusa
475 3240 529 3317 (or.
554 3237 616 3321 20),
639 3259 699 3299 non
723 3239 870 3313 adstricto,
893 3240 944 3301 sed
966 3239 1115 3300 remissius
1137 3259 1296 3299 numerosa
1318 3237 1369 3319 (de
1392 3257 1430 3298 or.
1452 3239 1473 3304 3,

237 3326 328 3397 184),
351 3325 511 3403 exsanguis
534 3324 584 3399 (ib.
609 3331 641 3399 1,
667 3327 737 3403 57),
761 3324 896 3404 spinosa,
918 3326 1004 3387 exilis
1027 3325 1077 3404 (15.
1104 3331 1131 3398 1,
1155 3327 1221 3404 83),
1244 3324 1351 3398 1331113,
1374 3333 1474 3391 tenera,

234 3411 381 3486 flexibilis,
404 3419 547 3486 contorta,
569 3411 693 3485 fervida,
716 3412 877 3473 festivitate
899 3413 1019 3474 condita
1040 3412 1087 3491 (de
1108 3432 1149 3473 or.
1166 3417 1193 3485 2,
1207 3413 1290 3489 227),
1313 3411 1475 3471 urbanitate

235 3497 368 3559 colorata
389 3499 446 3577 (Β.
461 3501 542 3577 170),
566 3498 683 3558 33351113
705 3498 845 3561 volubilis
869 3502 921 3578 (or.
948 3497 1033 3581 187),
1055 3498 1185 3571 humilis,
1209 3495 1473 3574 3513333(15.192)

234 3585 441 3646 circumfluens
465 3585 512 3664 (B.
538 3587 620 3664 203),
643 3585 776 3659 13313333,
798 3586 920 3648 vibrans
936 3586 987 3665 (15.
1003 3587 1086 3664 326),
1108 3584 1259 3664 pellucens
1271 3586 1365 3662 (274),
1388 3589 1473 3662 poste-

233 3671 343 3731 riorum
373 3671 458 3751 quasi
485 3671 575 3732 altius
605 3681 785 3750 exaggerata
815 3673 936 3734 Catonis
968 3671 1131 3732 luminibus
1161 3671 1309 3731 obstruxit
1338 3671 1473 3750 (663111

233 3758 341 3835 gravis,
363 3767 397 3818 ut
419 3759 520 3819 suavis
544 3757 590 3831 sit,
612 3779 673 3818 non
695 3767 740 3819 est
762 3759 945 3838 singulorum
968 3757 1168 3831 articulorum,
1190 3757 1296 3818 intoto
1312 3762 1444 3836 spectant
1444 3771 1474 3811 ur

234 3841 307 3902 haec
336 3864 456 3923 corpore
483 3845 531 3922 (de
559 3865 600 3906 or.
631 3851 664 3918 3,
692 3848 759 3925 96),
787 3855 986 3926 praetereao.
1009 3845 1117 3905 dicitur
1137 3806 1289 3916 claudere,
1321 3840 1472 3903 sententias

233 3929 348 4002 vestire,
371 3930 460 4004 volvi,
484 3931 631 4004 enervari,
655 3932 806 3994 admoveri
829 3932 867 3992 ad
890 3953 992 3992 sensus
1012 3930 1284 4004 inflammandos,'
1276 3950 1308 3989 13
1331 3949 1415 3990 33133
1435 3925 1474 3984 13-

233 4015 358 4088 1113111,
350 4035 381 4074 13
405 4016 504 4077 animo
527 3978 663 4090 inscribi,
686 4019 757 4079 rivis
780 4027 825 4079 est
846 4019 975 4092 diducta,
998 4038 1056 4078 non
1073 4017 1213 4090 fontibus,
1236 4025 1273 4090 et,
1296 4030 1474 4111 quocumque

233 4102 412 4180 ingreditur
442 4104 544 4164 eodem
573 4113 618 4164 est
648 4105 795 4166 instructu
817 4115 982 4184 ornatuque
1002 4104 1143 4164 comitata
1164 4103 1212 4181 ((13
1233 4123 1275 4165 31
1301 4108 1327 4176 3,
1352 4085 1414 4182 23),
1435 4098 1473 4158 ita

232 4210 309 4267 pura
330 4197 389 4262 est,
427 4196 462 4248 ut
482 4190 558 4249 31511
580 4190 738 4268 liquidius,
772 4192 815 4252 ita
844 4192 935 4252 libere
962 4191 1109 4263 31111333
1137 4209 1285 4268 nusquam
1308 4188 1473 4249 adherasoat

235 4275 279 4355 (Β
304 4277 390 4354 274),
413 4275 548 4336 funditur
570 4278 622 4355 (or.
646 4278 739 4358 210),
771 4278 802 4338 13
830 4278 937 4338 3311313
959 4277 1077 4358 penitus
1098 4275 1207 4336 insedit
1235 4270 1472 4354 (Β315.4,)435·

234 4362 368 4422 sorbetur
391 4355 479 4443 (8333.
506 4365 570 4442 13),
593 4371 716 4424 31333111
738 4365 823 4443 quasi
846 4365 941 4425 colore
964 4364 1094 4444 quodam
1117 4371 1146 4422 et
1168 4381 1237 4423 suco
1260 4383 1322 4436 suo,
1344 4377 1471 4438 consper-
