3138 5004
794 344 854 415 114

722 427 929 436 ——-—-

198 544 362 650 yovpa'rarr
384 539 509 624 κώλων,
543 547 594 609 sod
616 547 706 608 etiam
731 541 788 612 ἐπὶ
812 547 878 612 4444
900 543 983 630 ἑξῆς·
1027 547 1129 652 Huius
1151 569 1178 648 g.
1194 556 1239 609 e5t
1252 547 1328 608 illud
1343 548 1456 608 Demo·
1549 517 1550 580 l

200 635 365 698 sthenicum
387 635 425 696 de
447 655 505 696 cor.
529 639 591 698 265
615 630 793 706 ἐδίδασκες
813 657 922 738 γραμ
900 657 1005 713 4444
1028 628 1112 734 ἐγώ
1146 627 1176 697 ὸ·
1178 631 1353 738 ἐφοίτων.
1381 629 1454 696 444·-
1549 659 1550 686 4

199 723 276 798 tac,
298 713 416 806 5765
424 710 651 802 ἐτελούμην.
634 711 792 806 eriperer,
814 711 950 804 44444·
936 712 1196 807 εχορήγουνκτᾶ.
1219 721 1256 782 cf.
1272 719 1312 781 ib.
1326 720 1458 794 XXIII,

202 812 279 882 215,
310 808 342 870 Ο.
365 807 427 871 Pis
459 813 515 880 15·
546 807 612 870 Mil
638 813 693 881 15;
724 807 799 873 Sest
824 813 882 881 44,
912 807 1000 868 B'alb.
1024 813 1073 871 65.
1123 807 1281 887 singulam
1310 797 1456 886 quiddam

199 891 292 957 habet
313 895 375 958 Cic.
395 893 512 976 Cluent.
537 900 614 958 153:
629 855 799 974 faciliusne
816 900 884 977 pot
875 894 919 957 444
933 914 1026 977 quam
1050 895 1083 955 5'55
1092 895 1226 976 poculo?
1248 893 1341 954 4444444
1351 895 1458 975 potuit

202 981 340 1044 obditam
352 981 486 1063 alique
474 1000 507 1042 44
515 987 607 1062 porte
617 982 721 1063 portis,
741 1001 833 1064 qaam
850 999 885 1044 55
887 977 1123 1064 4444444444444
1111 1001 1144 1041 44
1156 979 1456 1062 444444144444444444

196 1069 300 1152 potnit
315 1073 488 1129 4444444444
510 1087 603 1149 quent
627 1073 748 1150 epotam
770 1069 804 1128 44
820 1086 914 1129 certos
921 1086 1110 1149 permanare
1127 1075 1181 1128 eto.
1195 1066 1287 1128 etiam
1298 1065 1459 1128 4144414444

201 1154 341 1228 verbum,
378 1153 457 1233 quod
484 1153 643 1234 repetitur,
676 1174 737 1215 non
765 1154 895 1234 primum
923 1153 1059 1233 ponitur,
1093 1161 1127 1214 ut
1149 1153 1230 1215 Cael.
1254 1159 1272 1216 6
1297 1153 1455 1215 accusatio

203 1242 319 1303 4444444
342 1239 506 1314 desiderat,
528 1259 595 1302 4444
616 1246 650 1302 44
672 1241 807 1320 44444444,
831 1240 984 1302 bominem
1005 1247 1039 1301 444
1056 1239 1261 1306 asteismos.
1278 1239 1460 1312 11444584

205 1327 282 1390 sest.
308 1331 326 1390 3
350 1334 404 1390 etc.
449 1325 524 1387 Alia
546 1325 681 1407 quaestio
702 1335 762 1402 est,
784 1335 885 1388 utrum
906 1327 938 1386 in
961 1326 1116 1406 anaphora
1138 1325 1268 1387 ambitus
1291 1325 1354 1388 sive
1377 1346 1461 1386 com·

114 1493 115 1496 Ἴ
201 1413 409 1494 prehensiones
432 1433 472 1474 an
485 1411 1134 1494 41441514444444441441141144414441144)
1178 1413 1372 1492 Quamquam
1393 1432 1457 1472 non

203 1501 275 1562 satis
297 1499 391 1560 fixum
407 1519 476 1560 esse
497 1509 595 1600 puto,
614 1521 702 1581 quem
724 1500 764 1561 ad
785 1499 874 1562 finem
895 1500 1002 1560 horum
1024 1500 1155 1600 quidque
1175 1499 1330 1579 pertineat,
1352 1507 1458 1560 tamen

202 1586 233 1647 id
255 1587 347 1674 statui
368 1606 454 1666 posse
476 1585 627 1659 existimo,
656 1587 860 1686 plerumque
851 1607 883 1646 m
908 1608 935 1649 a
959 1586 1121 1648 orationem
1152 1607 1218 1648 caes
1219 1587 1261 1645 im
1289 1585 1461 1664 procedere,

203 1693 300 1759 saepe
312 1693 366 1753 per
387 1673 535 1747 membra,
565 1673 714 1735 rarissime
740 1694 794 1755 per
823 1673 962 1735 ambitus.
1008 1673 1098 1750 Quod
1120 1693 1188 1734 cum
1209 1673 1275 1752 ipso
1296 1680 1462 1751 praecepto

204 1751 353 1822 Ciceronis
375 1779 416 1821 or.
441 1763 502 1821 221
526 1760 678 1839 congruit,
711 1780 769 1840 quo
792 1760 856 1821 loco
878 1767 993 1834 monet,
1021 1759 1053 1818 in
1081 1759 1159 1820 veris
1186 1758 1283 1820 causis
1310 1757 1458 1819 14144444-

204 1839 381 1926 cumscripte
401 1845 561 1908 dicendum
583 1865 654 1908 esse.
698 1846 850 1908 Plurimae
873 1854 973 1907 autem
995 1845 1166 1926 anaphoras
1187 1865 1248 1906 non
1270 1865 1330 1905 uno
1354 1844 1462 1924 aliquo

206 1933 344 1994 dictionis
367 1952 473 2011 genere
494 1933 690 2007 continentur,
713 1933 765 1994 sed
786 1932 899 1994 mixtae
921 1940 999 2007 sunt,
1021 1940 1056 1993 ut
1077 1931 1351 2012 comprehensiones
1364 1951 1462 1991 mem-¹

203 2014 266 2080 bris
285 2019 334 2081 vel
356 2019 491 2081 membra
513 2019 605 2082 caesis
628 2020 823 2100 excipiantur.
867 2018 1026 2100 Exempla,
1048 2039 1125 2100 quae
1146 2039 1200 2098 per
1214 2017 1344 2079 ambitus
1356 2017 1462 2080 devol-

205 2114 325 2179 41144111,
347 2105 480 2168 4114411444
502 2107 581 2168 Mur.
605 2111 645 2170 56
669 2114 698 2168 44
685 2106 820 2168 t.Flace
844 2111 884 2170 62
907 2127 950 2186 sq.
973 2114 1027 2169 eta.

310 2191 417 2272 Neque
445 2213 532 2272 porro
559 2212 621 2254 non
647 2193 736 2254 refert
765 2194 804 2255 ad
831 2193 1060 2273 gravitatemet
1081 2193 1143 2255 vim
1164 2191 1253 2254 huius
1275 2190 1332 2271 fig,
1355 2198 1459 2251 utrum

206 2278 246 2340 ab
268 2278 371 2340 eodem
393 2279 552 2340 verbot
507 2287 552 2340 tot
553 2300 589 2340 ae
610 2281 773 2342 sententiae
794 2288 824 2341 44
844 2279 951 2360 plenae
963 2279 1192 2340 aninchoatae
1184 2278 1303 2340 mitium
1317 2277 1463 2357 capiant;

206 2386 260 2449 ap.
276 2365 337 2428 Cic.
361 2365 481 2446 quidem
511 2365 600 2446 longe
629 2367 763 2428 maxima
790 2387 860 2447 pars
891 2365 1112 2447 anaphorarum
1134 2365 1286 2427 sententiis
1308 2364 1464 2426 inchoatis

205 2460 331 2516 constat.
375 2453 545 2515 Verborum
575 2459 689 2527 autem,
717 2473 793 2534 quae
821 2461 959 2533 repetimt
959 2473 1007 2526 ur,
1037 2453 1160 2513 nomina
1182 2452 1371 2531 maximeque
1389 2471 1462 2530 pro

204 2540 272 2620 pria
292 2539 452 2614 rarissima,
474 2539 651 2620 pronomina
673 2549 773 2601 autem
794 2548 825 2601 et
845 2540 993 2620 quaedam
1008 2539 1228 2601 coniunctiones
1250 2547 1280 2600 44
1289 2537 1462 2617 parhcnlae

206 2626 400 2690 creberrimae
421 2626 454 2687 in
474 2627 533 2688 hac
552 2625 668 2688 ratione
690 2647 753 2688 esse
774 2626 921 2690 videntur.
965 2626 1136 2688 Sententiae
1154 2645 1271 2706 quoque
1292 2632 1336 2685 tot
1337 2645 1373 2686 ae
1395 2645 1461 2685 non

205 2734 371 2799 numquam
392 2721 572 2794 repetuntur,
594 2721 629 2774 ut
648 2713 689 2775 V.
714 2718 742 2789 3,
766 2719 827 2776 123
851 2732 920 2775 44444
942 2713 1045 2775 scribit
1067 2731 1099 2774 se
1122 2713 1185 2792 lepe
1200 2711 1458 2774 Hieronicavert

207 2795 333 2876 didisse,
365 2801 440 2883 quid
462 2801 584 2863 scribit?
613 2809 668 2863 eto.
692 2800 728 2862 ef.
752 2800 874 2900 Quinct
903 2804 960 2872 523
995 2805 1050 2873 85;
1080 2799 1138 2860 Ρ11.
1161 2799 1258 2873 VIII,
1286 2803 1314 2860 6.
1360 2797 1464 2878 Saepe

207 2885 298 2948 etiam
319 2907 387 2970 cum
410 2886 477 2948 aliis
499 2879 580 2968 figg.
591 2910 617 2951 a.
641 2887 829 2967 coniungitur
841 2885 976 2966 inprimis
991 2906 1060 2946 cum
1074 2885 1192 2960 isocolo,
1214 2884 1464 2958 homoeoteleuto,

207 2972 364 3054 polyptoto
346 2973 556 3054 o(singulare
582 2984 627 3037 est
652 2974 712 3036 Pis.
738 2980 777 3037 55
802 2980 835 3036 44
857 2973 949 3074 qaid,
983 2977 1015 3034 444
1038 2973 1122 3054 opud
1144 2990 1236 3055 quos,
1268 2978 1300 3033 444
1329 2972 1366 3034 414
1398 2991 1460 3054 quo

208 3059 295 3121 dicos
307 3059 504 3162 inteilipisi),
505 3061 754 3161 interrogatione,
777 3060 950 3122 assonantia
966 3058 1029 3122 4444
1044 3059 1242 3120 alliteratione
1256 3059 1368 3141 (Blass.
1385 3059 1461 3120 citat

207 3145 248 3207 D.
270 3145 369 3220 XXI,
400 3152 439 3210 61
471 3138 576 3220 οὕτως
605 3145 763 3227 εὐλαβῶς,
794 3139 899 3219 οὕτως
925 3137 1109 3225 εὐσεβῶς,
1110 3138 1193 3210 444444
1216 3143 1373 3231 μετρίως)
1398 3153 1465 3218 etc,

209 3232 973 3318 Ι4114141141441111144444444444511114114;114111111114
1005 3231 1143 3312 exempla
1164 3231 1278 3293 habent
1265 3240 1368 3293 tcum
1392 3252 1463 3292 con

209 3313 412 3399 duplicatione
433 3321 599 3422 quandam·
607 3319 857 3401 propinquitatem
880 3320 1073 3392 1141114444
1097 3318 1183 3393 V.4,
1201 3324 1272 3382 101.
1304 3319 1464 3379 Postremo

208 3405 289 3468 locos
312 3406 427 3487 aliquos
449 3416 502 3469 not
489 3407 599 3483 4,41)ο·
591 3429 623 3468 111
645 3406 752 3487 quibus
774 3406 937 3470 multaea.
961 3413 1188 3478 coacervantur;
1211 3425 1300 3484 saepe
1316 3405 1397 3466 enim
1419 3405 1463 3477 fit,

209 3513 271 3553 non
294 3494 390 3555 solum
412 3503 447 3556 ut
467 3494 547 3556 idem
561 3492 731 3574 exemplum
746 3514 799 3574 per
817 3494 916 3573 plures
929 3492 1133 3573 paragraphos
1145 3492 1280 3570 (1114414111,
1303 3490 1461 3552 sedetiam

209 3587 244 3640 ut
265 3600 328 3641 una
349 3582 538 3662 paragrapho
560 3581 649 3662 plura
670 3581 885 3655 contineantur,
908 3580 980 3661 quin
994 3580 1084 3641 etiam
1096 3577 1172 3640 illud
1186 3598 1247 3639 non
1261 3598 1328 3639 raro
1344 3577 1464 3651 accidit,

209 3673 244 3726 ut
273 3667 305 3748 in
334 3688 395 3728 uno
426 3669 586 3748 eodemque
618 3666 753 3747 exemplo
780 3666 916 3746 singulae
944 3675 1043 3746 partes
1072 3687 1173 3727 rursus
1203 3665 1270 3726 aliis
1300 3663 1464 3744 anaphoris

211 3753 330 3815 varient
317 3762 374 3829 4111,
396 3755 472 3836 1141.
495 3776 521 3818 4.
543 3755 585 3830 H,
609 3761 651 3819 98
667 3775 709 3835 sq.
746 3753 780 3814 H
787 3773 861 3816 444
885 3759 917 3816 444
932 3754 1055 3815 sceleris
1070 3753 1198 3832 restipia
1213 3753 1300 3836 sequi
1310 3750 1460 3828 statuisti,-

212 3837 310 3902 baec
333 3844 521 3923 excopitosti,
556 3847 723 3905 44444444
748 3839 1356 3920 4444444444-444444444444144444,
1384 3838 1463 3899 iaris

214 3924 376 3989 dictionem
380 3935 589 4011 ,potestatem
605 3933 759 3990 4444444444
775 3926 877 3989 orbem
894 3927 1132 4006 4444449444444,
1154 3931 1194 3988 44
1217 3944 1285 3987 4444
1296 3925 1463 4006 pecaniam

214 4015 661 4090 44444444444114444444444,
687 4009 1461 4094 444444494444444444444444444,4444444444

212 4097 450 4187 imperatoribus
473 4103 654 4182 coepissetis,
678 4107 780 4163 444444
803 4120 907 4163 omnes
928 4098 1013 4162 vobis
1031 4099 1183 4181 pecuarios
1205 4099 1247 4160 od
1269 4103 1463 4181 autumpni·

318 4314 485 4397 ⁸)Hernrog.
499 4311 554 4394 ⁸.'Sp
566 4313 601 4375 ΙΙ,
621 4310 769 4362 asstitit:
796 4303 1031 4368 καλλωπίζουσιάι
1054 4305 1117 4360 κατὰ
1142 4303 1251 4383 anias
1243 4300 1412 4389 eaoraqqpai,
1435 4309 1463 4354 at
1549 4293 1550 4306 ¹

212 4383 385 4451 paulopost·
405 4379 430 4433 ai
448 4378 510 4432 κατὰ
528 4376 662 4452 rippa-
681 4376 772 4452 γοργὸν
796 4387 896 4432 rotator
919 4374 1053 4452 τὸνλογον
1073 4372 1275 4429 4144444144·
1296 4376 1385 4426 etih
1404 4377 1461 4426 346
1549 4383 1550 4400 ¹
