3136 5004
697 387 737 445 55

613 489 699 496 ——n
704 491 712 496 .
718 491 820 497 ...w—-

95 585 259 649 detulisset
281 588 377 668 (quasi
399 591 530 671 ventus);
554 591 591 654 cf.
612 590 668 654 Ph.
686 591 779 664 XHI,
804 595 862 664 24;
885 590 948 652 har.
962 612 984 651 r.
1001 595 1060 663 433
1082 590 1160 651 dom.
1177 593 1234 662 32;
1256 587 1345 649 Balb·

94 681 112 736 4
121 697 128 748 ;
158 683 188 736 et
210 673 229 737 l.
254 675 327 750 al,
352 680 390 737 27
415 674 534 737 honori
552 673 718 758 velificari.
752 711 791 722 -
815 677 907 757 Soph.
930 677 1002 740 dicit
1023 677 1096 738 Ant.
1129 681 1190 740 189
1225 667 1344 756 ταύτης

92 758 147 824 ἐπὶ
173 758 330 833 πλέοντες
352 754 456 848 ὀρθῆς
480 755 570 839 ssd,
598 764 687 825 Dem.
708 763 800 838 XIX,
825 769 887 828 250
911 757 998 851 dabri
1019 752 1212 828 utalaam
1254 760 1345 840 Soph.

90 847 138 910 El.
163 852 226 911 335
250 843 284 910 ἐν
306 853 418 924 κακοῖς
439 871 498 928 μοι
520 849 610 915 πλεῖν
633 843 796 935 ὑφειμένη
813 851 902 913 δοκεῖ
924 859 954 912 et
966 851 1039 912 Eur.
1049 848 1159 911 Bacch.
1171 853 1233 912 546
1254 836 1345 932 λόγον

92 923 311 1013 στειλώμεθα·
349 935 443 998 Dem.
465 935 557 998 verbo
579 929 845 1002 ὑποστείλασθαι
876 936 947 998 item
977 946 1067 1017 atque
1089 930 1259 1020 ὑπηρετεῖν
1280 942 1345 994 tam

90 1041 179 1101 saepe
199 1020 307 1095 utitur,
330 1022 417 1082 utin
439 1022 480 1083 eis
504 1043 621 1084 omnem
643 1023 704 1084 iam
726 1022 931 1085 translationis
953 1023 1142 1102 splendorem
1164 1020 1344 1083 obsolevisse

88 1117 161 1188 puto
174 1105 221 1188 ⁹⁵).
264 1108 302 1167 In
325 1107 386 1169 Cia.
408 1109 502 1171 Marc.
528 1114 568 1170 24
591 1108 699 1189 legitur
722 1120 882 1192 quassata
904 1129 956 1169 res
975 1129 1009 1192 p.
1032 1109 1068 1171 cf.
1090 1109 1163 1171 Vat.
1190 1113 1229 1171 19
1237 1129 1244 1180 ;
1268 1106 1343 1168 Sest

90 1200 138 1258 73.
171 1230 212 1238 -
247 1195 285 1254 In
307 1195 380 1256 Eur.
403 1193 510 1258 Troad.
538 1199 599 1259 136
628 1195 784 1276 reperitur:
818 1191 853 1272 ἐς
882 1185 973 1260 τάνδ’
1005 1183 1154 1276 ἐξώκειλ’
1186 1185 1279 1256 ὅταν·
1310 1192 1343 1251 in

88 1279 180 1342 simili
208 1281 323 1342 ratione
344 1291 481 1345 versatur
501 1281 611 1343 Latine
640 1281 820 1362 »scopulus«,
849 1291 883 1344 ut
903 1282 964 1344 cie.
986 1282 1065 1345 Tull.
1098 1285 1138 1344 33
1171 1277 1254 1343 mibi
1285 1276 1346 1341 isti

89 1364 261 1451 sinpubari
280 1365 407 1451 inpenso
429 1364 581 1429 uidentur
602 1389 679 1447 esse,
703 1369 763 1450 qui
782 1379 811 1429 et
832 1365 887 1443 id,
919 1365 1008 1450 quod
1034 1364 1117 1430 mibi
1136 1375 1249 1428 contra
1271 1362 1342 1427 illos

88 1450 201 1516 datum
224 1463 276 1529 est,
300 1453 371 1536 ipsi
390 1450 562 1536 adripiunt
585 1464 615 1515 et
629 1451 759 1537 scopulo
776 1464 872 1535 atque
887 1452 980 1515 sarcis
995 1473 1061 1537 pro
1077 1462 1177 1536 portu
1194 1451 1343 1537 statione·

87 1561 150 1621 pue
173 1549 329 1620 uenatum·
351 1540 389 1603 cf.
411 1541 499 1603 Rosa.
519 1541 560 1606 A.
587 1547 643 1617 79;
675 1539 783 1604 ancil.
808 1545 865 1614 36;
895 1541 926 1601 in
949 1541 1025 1607 Sest,
1051 1546 1092 1604 18
1114 1538 1278 1602 inveniturz
1302 1557 1344 1598 ne

88 1627 123 1686 in
149 1622 297 1710 Scyllaeo
320 1624 379 1687 illo
401 1625 489 1688 aeras
511 1624 615 1690 alieni
637 1637 801 1710 tamquam
823 1628 860 1691 in
873 1625 1003 1710 fretu
1026 1624 1072 1688 ad
1087 1623 1266 1688 columnam
1278 1620 1343 1685 ad-

86 1710 365 1790 haeresceret,
388 1712 423 1774 iu
446 1709 634 1776 tribunatus
652 1724 787 1796 portum
804 1713 1009 1799 pers'uperat.
1033 1749 1075 1759 -
1098 1711 1260 1792 §opu-nl.
1277 1715 1340 1774 730

85 1799 181 1862 habet
203 1799 364 1886 ναυαγίων
377 1797 538 1863 ἱππικῶν·
563 1800 913 1880 etismsnaufragiumaa
926 1801 987 1862 Cic.
1003 1799 1176 1880 frequentur
1196 1797 1343 1859 translate

84 1887 220 1967 ponitur:
243 1888 283 1951 V.
309 1891 337 1963 5,
361 1892 402 1951 98
416 1883 468 1947 bic
491 1907 565 1968 opes
587 1885 679 1950 illius
702 1885 845 1948 civitatis
868 1887 1082 1950 comminutae
1105 1881 1144 1946 de
1167 1904 1339 1965 ressaeque

85 1982 184 2034 sunt:
204 1973 239 2036 in
261 1971 319 2036 boc
337 1983 438 2055 portu
460 1969 704 2036 Atheniensium
727 1971 914 2049 nobilitatis,
937 1971 1081 2056 imperii,
1107 1906 1236 2056 pidriae
1258 1991 1339 2032 nau·

79 2057 235 2142 frapium
255 2059 382 2140 factum
405 2057 627 2135 ercistimatur;
650 2061 726 2124 Sest.
745 2065 784 2123 15
809 2070 992 2122 necesseest
1005 2094 1045 2130 ,-
1059 2078 1107 2120 me
1129 2067 1224 2120 totum
1246 2076 1340 2138 supe-

82 2144 189 2208 rioris
212 2145 297 2206 anisi
316 2144 417 2228 reip.
438 2144 650 2229 nauti-apium
673 2165 837 2229 exponere,
861 2144 895 2207 in
919 2167 979 2228 quo
1001 2141 1179 2229 coilipendo
1207 2164 1244 2204 ac
1267 2141 1340 2219 reti·

79 2226 205 2292 cienda
237 2229 344 2292 salute
373 2231 534 2294 communi
564 2233 670 2296 omnia
702 2231 899 2315 reperientur
923 2229 959 2296 P.
984 2230 1086 2296 bestii
1102 2229 1211 2308 tacta,
1241 2225 1339 2305 dicta,

78 2314 231 2381 consilia
264 2327 409 2396 uersata,
442 2317 478 2380 cf.
500 2318 556 2379 Ph.
577 2318 626 2394 ΙΙ,
658 2324 715 2391 82;
749 2319 813 2392 XI,
837 2324 894 2393 36;
920 2320 960 2383 V.
985 2323 1013 2394 5,
1038 2323 1112 2391 131;
1146 2338 1229 2398 prov.
1251 2337 1276 2380 c.
1302 2322 1320 2379 7
1330 2339 1338 2390 ;

76 2403 141 2466 Pis.
168 2409 207 2477 93
229 2404 295 2466 Cat.
317 2404 342 2479 Ι,
366 2404 484 2479 30311,
508 2409 566 2478 24;
590 2405 665 2467 Sull.
688 2409 742 2478 41;
765 2404 843 2468 dom.
870 2411 948 2479 1293
981 2410 1058 2478 1373
1088 2404 1178 2465 etiam
1200 2403 1276 2463 illud
1297 2403 1339 2466 V.

80 2496 108 2565 1,
136 2495 181 2554 82
207 2499 243 2551 ut
264 2487 327 2551 buc
349 2487 521 2569 incideres,
545 2511 608 2551 non
633 2501 670 2552 ut
690 2487 742 2552 bic
764 2491 1000 2573 conquiesceres
1024 2489 1251 2551 asimilitudine
1265 2507 1339 2550 nau·

78 2577 160 2656 frugi
196 2577 235 2637 ad
268 2597 344 2638 saxa
370 2577 449 2639 allisi
478 2586 629 2658 sumptum
659 2598 722 2640 esse
753 2577 837 2640 duco.
871 2613 912 2624 -
945 2578 984 2638 In
1011 2577 1086 2638 Sest
1110 2581 1150 2640 93
1180 2575 1337 2656 reperitur:

80 2664 363 2746 quotusquisque
393 2662 588 2742 inuenietur,
618 2662 679 2748 qui
699 2663 853 2746 optimam
882 2684 1041 2746 quamque
1071 2682 1204 2724 causam
1235 2662 1337 2744 reip.

82 2746 321 2832 amplectatur?
350 2772 421 2811 cum
444 2751 527 2814 sciat
556 2749 690 2812 alterum
720 2747 832 2812 bellum
861 2747 986 2828 inferre
1017 2746 1267 2832 quiescentibus,
1303 2757 1341 2809 ut

80 2855 197 2898 eorum
229 2847 346 2898 ueteres
380 2833 586 2920 illibatasque
616 2834 752 2900 diuitias
786 2835 824 2897 in
844 2832 1142 2918 profundissimum
1165 2830 1339 2897 libidinum

81 2944 227 2986 suarum
256 2921 418 3008 purpitem
435 2919 625 3007 profundat
631 2944 644 3002 ,·
673 2924 710 2986 cf.
732 2923 792 2985 Pis.
815 2927 866 2987 48.
910 2923 948 2983 In
976 2923 1092 2984 ratione
1120 2921 1213 2982 nandi
1241 2920 1340 3002 posita

81 3020 154 3072 sunt
177 3009 268 3072 haec:
293 3009 368 3073 Sull.
394 3015 433 3073 87
452 3008 602 3114 patriam
625 3007 803 3072 demersam
825 3006 951 3088 extuli,
974 3009 1010 3072 ci.
1034 3009 1100 3072 Cat.
1125 3009 1167 3082 11,
1191 3013 1248 3082 21;
1271 3007 1335 3072 har.

79 3118 102 3158 r.
117 3103 179 3170 48;
202 3096 290 3159 Dem.
303 3097 362 3170 IX,
386 3101 426 3157 25
443 3087 652 3175 επιπολοῖζει.
684 3096 818 3176 Longius
837 3096 1022 3177 persequitur
1032 3095 1092 3158 Cic.
1110 3094 1338 3156 translationem

80 3183 117 3245 de
137 3182 334 3263 navigatione
355 3182 480 3262 petitam
494 3183 562 3244 Sest
583 3185 641 3244 46:
664 3203 736 3244 cum
751 3183 786 3246 in
808 3181 862 3243 rei
872 3203 906 3266 p.
930 3203 1048 3257 nauem,
1071 3180 1188 3265 ereptis
1209 3178 1342 3242 senatui

78 3266 309 3353 gubernaculis
326 3266 516 3352 fluitantem
538 3268 573 3328 in
597 3266 661 3330 alto
684 3267 918 3352 tempestatibus
938 3265 1132 3332 seditionum
1155 3289 1192 3329 ac
1215 3265 1339 3330 discor-

82 3353 236 3434 diarum,
267 3365 411 3418 armatae
442 3365 487 3416 tot
515 3352 637 3418 classes
669 3357 861 3420 incursurae
888 3351 1089 3432 uiderentur,
1122 3350 1340 3437 depupnarem

75 3439 216 3524 potius?
237 3442 273 3504 cf.
284 3443 362 3506 dom.
375 3447 455 3516 1373
477 3442 555 3504 Rab.
568 3463 597 3522 p.
615 3448 671 3517 25;
694 3443 755 3507 Pis.
776 3448 830 3507 20.
874 3443 925 3504 Ex
944 3444 1028 3504 Dem.
1043 3440 1213 3502 addendum
1235 3448 1281 3500 est
1301 3437 1339 3500 de

83 3549 140 3595 cor.
169 3534 234 3594 296
258 3525 562 3618 ἠκρωτηριασμένοι
585 3523 645 3602 τοῖς
667 3527 845 3614 πατρίδας.

192 3649 253 3711 His
276 3671 312 3712 ea
334 3650 498 3726 subiiciam,
521 3671 598 3730 quae
626 3651 657 3712 in
673 3650 851 3732 cogitatione
865 3658 895 3711 et
910 3647 1102 3711 similitudine
1116 3645 1211 3707 oneris
1226 3642 1341 3706 ferendi

80 3745 251 3800 versantur.
295 3738 397 3818 Atque
419 3737 549 3817 plurima
570 3737 658 3799 hirius
686 3737 729 3799 rei
759 3737 897 3816 exempla
927 3736 972 3797 its
1000 3743 1070 3796 sunt
1099 3731 1187 3812 trita,
1217 3740 1252 3793 ut
1279 3752 1340 3792 non

80 3825 142 3886 sint
164 3824 441 3897 commemoranda;
464 3823 555 3904 paulo
577 3833 678 3886 tamen
701 3823 911 3885 excellentiora
932 3822 1006 3883 haec
1020 3821 1083 3881 ess'e
1096 3818 1251 3882 videntur:
1274 3817 1340 3880 Cat

79 3910 104 3985 I,
133 3917 186 3986 23,
211 3908 269 3971 οἱα
291 3907 434 3971 πολιαι
456 3907 602 3974 inuidiae
623 3907 841 3970 sustinebo
865 3909 913 3989 (cf.
936 3907 1044 3971 Caecil.
1068 3911 1127 3980 37;
1155 3906 1233 3968 dom.
1259 3907 1340 3984 142),

79 3998 194 4060 Caecil.
219 4001 260 4060 46
284 3993 388 4080 quid?
410 4017 481 4058 cum
503 4017 544 4058 ea
567 3993 657 4058 illius
681 3991 811 4058 invidia
834 3992 1068 4058 deonerare
1097 3989 1228 4076 aliquid
1254 4001 1283 4053 et
1306 3989 1341 4052 in

82 4094 110 4145 te
142 4080 298 4146 traiicere
328 4080 491 4166 coeperit?
535 4085 575 4147 V.
604 4088 639 4160 3,
672 4087 734 4147 138
763 4092 876 4144 onerat
913 4092 940 4145 te
970 4078 1057 4146 bonis
1089 4074 1341 4156 condicionibus,

85 4421 120 4470 48
155 4425 167 4470 t
191 4347 224 4416 ’¹)
243 4348 330 4399 evolvi
348 4353 471 4414 possuntt
491 4349 511 4412 Ι,
531 4351 571 4416 16,
590 4349 635 4416 IV,
654 4349 695 4415 51,
714 4349 787 4414 XIX,
807 4351 864 4414 158,
885 4351 943 4416 237,
963 4351 1022 4415 338,
1046 4350 1118 4415 ΧΧΙ,
1139 4349 1179 4412 70,
1203 4341 1339 4406 XXXVII,

139 4435 154 4471 e
168 4433 193 4468 c.
