3138 5004
749 389 799 480 „¹
833 389 873 447 78

227 585 332 674 ὀξεῖαι
354 590 438 658 θοαὶ
461 591 665 673 appellantur;
694 600 759 653 tum
781 591 932 671 adiungit:
963 597 995 653 at
1016 610 1073 654 nos
1095 593 1162 674 quis
1177 593 1323 672 feretri
1351 590 1481 654 Verrem

225 699 340 743 ›suem‹
370 686 425 742 aul
446 678 570 741 Aelium
594 677 706 741 Culum
733 677 886 740 »doctum«
914 679 1129 740 nominemus?
1160 684 1203 741 est
1235 679 1316 740 enim
1346 679 1422 740 hoec
1444 681 1481 740 in

226 767 385 850 metalepsi
405 771 529 840 natura,
551 771 585 828 ut
606 766 687 826 inter
708 764 750 844 id,
777 765 860 846 quod
882 766 1067 844 transfertur
1090 771 1118 827 et
1136 765 1170 826 in
1184 765 1267 847 quod
1278 767 1479 845 transfertur,

225 855 266 916 sit
285 854 404 916 medius
427 851 552 936 quidam
573 851 707 932 modus,
729 850 806 912 nihil
826 851 892 933 ipse
913 851 1104 932 sipnificans,
1128 852 1182 914 sed
1202 850 1354 934 praebeas
1377 857 1476 914 trans·

224 941 320 1003 itum:
348 959 440 1022 quem
469 945 590 1020 tropum
619 937 718 1018 mapis
747 937 956 1018 adfectamus,
987 943 1020 1000 ut
1050 937 1162 1000 habere
1184 938 1359 1013 videamur,
1382 958 1481 1020 quarn

225 1026 288 1090 ullo
310 1027 345 1087 iu
366 1025 434 1088 loco
456 1024 675 1088 desideramus.
1397 1076 1400 1082 .

332 1111 436 1173 Etiam
449 1107 690 1192 droparonoii'a
704 1118 823 1172 tantum
835 1109 867 1170 in
879 1109 984 1190 lingua
1002 1132 1021 1172 a
1034 1108 1180 1192 principio
1193 1109 1344 1190 gignenda
1354 1111 1481 1172 maioris

223 1199 367 1260 momenti
393 1197 469 1271 futu
491 1218 571 1258 nam
599 1196 693 1258 oratio
720 1197 841 1276 quidem
870 1199 966 1260 omnis
994 1198 1026 1258 in
1055 1197 1205 1259 communi
1231 1217 1337 1276 genere
1357 1197 1480 1258 dicendi
1509 1203 1516 1216 “

223 1293 368 1350 venenu.
413 1284 570 1347 Invenitur
597 1291 698 1345 autem
718 1283 775 1344 hoc
796 1304 905 1344 nomen
927 1305 974 1364 ap.
998 1283 1125 1361 Quintil.
1149 1288 1178 1356 8,
1202 1289 1230 1357 6,
1254 1288 1313 1346 31:
1339 1281 1477 1346 Onoma-

228 1373 360 1455 topoeia‚
388 1369 516 1434 Graecis
538 1371 619 1433 inter
640 1371 796 1432 matrimus
818 1368 921 1432 tolita
943 1372 1080 1447 uirtutes,
1103 1368 1190 1431 nolis
1211 1371 1265 1432 eiu
1277 1371 1482 1452 permittitur,

225 1464 255 1522 et
276 1464 345 1520 sunt
362 1458 502 1542 plurima
524 1457 569 1520 ita
587 1458 691 1539 positu
714 1456 752 1518 ab
775 1457 828 1531 iis,
868 1457 922 1539 qui
951 1475 1123 1520 sermonem
1140 1456 1238 1538 primi
1251 1458 1397 1537 fecerunt
1422 1477 1479 1539 ap-

225 1551 324 1608 tantes
346 1543 516 1624 adfectibus
537 1561 662 1606 vocem:
683 1561 757 1604 nam
778 1544 939 1623 »mapitus«
961 1550 988 1606 et
1010 1543 1144 1606 »sibilus«
1165 1548 1194 1605 et
1215 1562 1383 1605 »murmur«
1404 1544 1479 1606 inde

224 1637 388 1710 uenerunt,
419 1630 530 1693 deiude
560 1635 717 1712 tamquam
744 1636 956 1692 consummato
985 1631 1046 1692 sint
1071 1629 1192 1706 carnia,
1222 1629 1299 1690 nihil
1323 1649 1481 1710 cenerare

225 1718 374 1780 audemus
396 1719 465 1799 ipsi,
488 1735 558 1778 cum
579 1716 676 1777 multa
698 1716 808 1778 cotidie
831 1714 871 1778 ab
893 1717 1028 1800 antiquis
1041 1716 1121 1794 ficta
1140 1716 1322 1780 moriautur.
1344 1717 1480 1796 vieille,

224 1817 304 1888 quae
327 1800 535 1887 πεποιημένα
558 1807 677 1876 cocunt,
700 1822 779 1884 quae
803 1821 844 1864 en
865 1803 989 1866 uocibus
1010 1805 1044 1864 in
1065 1821 1155 1865 usum
1177 1803 1308 1884 receptis
1329 1822 1479 1885 quocum-

226 1911 285 1974 que
307 1890 398 1952 mado
422 1888 632 1962 declinantur,
655 1889 744 1952 nabis
770 1890 992 1970 permittimus,
1022 1889 1128 1971 qualia
1149 1895 1220 1951 sunt
1241 1890 1427 1952 »sullaturit«
1449 1896 1479 1951 et

223 1977 476 2060 »proscripturit«.
497 1975 607 2037 (lamii.
622 1980 651 2050 4,
675 1979 725 2049 31,
748 1980 790 2036 42
812 1984 966 2054 praeterea
988 1976 1073 2037 effert
1090 1975 1237 2048 »rudere‹<;
1259 1976 1371 2057 Tryph.
1388 1978 1480 2057 (196)
1553 1977 1554 1980 ’

225 2084 292 2125 earn
307 2063 370 2124 fieri
382 2062 485 2124 scribit
502 2054 586 2126 κατὰ
596 2059 821 2145 ἐιυμιλογίιιι,
841 2071 876 2123 ut
886 2083 955 2124 cum
965 2054 1108 2142 εὐλαβής
1119 2062 1228 2125 dicitu
1237 2082 1291 2142 pro
1305 2056 1478 2147 εὕληπιος,

224 2142 308 2212 rard
332 2145 511 2234 ἀναλογίαν
532 2156 567 2209 ιιι
588 2149 822 2232 peporeaycrpai,
857 2170 916 2228 quo
938 2150 1028 2210 etiam
1050 2149 1198 2210 Ciceronis
1218 2149 1377 2211 matricida
1399 2149 1479 2232 (har.

223 2257 246 2298 r.
259 2239 329 2316 39),
352 2243 382 2297 et
401 2234 564 2308 fratricida,
587 2233 746 2295 sororicida
765 2234 855 2314 (dom.
879 2237 932 2316 26)
955 2244 1088 2316 spectare
1100 2235 1247 2310 videntur,
1269 2230 1354 2301 aare}
1376 2259 1479 2324 napo

224 2319 390 2404 rapacior
417 2330 453 2407 ut
484 2309 619 2400 settled,
656 2343 683 2381 κ.
706 2313 861 2386 σύνθεσιν
890 2331 925 2383 ut
947 2312 1140 2406 ποδάρκης,
1176 2344 1204 2388 κ.
1235 2315 1411 2409 ἐναλλαγὴν
1444 2331 1481 2386 ut

223 2402 401 2492 peirurdpoc
424 2407 596 2488 Sophoclis,
629 2430 656 2469 u.
681 2405 844 2489 deciorum
873 2417 909 2470 ut
930 2400 1030 2472 πόλιν
1053 2401 1167 2496 duppe,
1198 2432 1226 2472 κ.
1250 2407 1477 2495 πεποιημένον

222 2504 257 2558 ιιι
278 2494 494 2578 τιτριγῶτας;
525 2494 562 2556 cf.
586 2493 688 2560 Anon.
709 2494 776 2568 111,
810 2499 891 2569 210,
920 2494 1010 2574 Greg.
1035 2500 1114 2569 220,
1137 2495 1206 2559 Coc.
1232 2501 1292 2558 231
1317 2507 1372 2560 ιιι.
1416 2497 1477 2558 Sed

223 2583 365 2663 quoniam
385 2581 418 2642 in
438 2590 591 2662 troporum
612 2580 810 2660 explicatione
832 2582 904 2642 setis
927 2583 1061 2662 copiosus
1083 2581 1173 2643 fuisse
1194 2583 1268 2643 mihi
1281 2585 1393 2660 videor,
1414 2585 1477 2644 iem

700 2820 765 2930 De
803 2817 998 2959 lituris

224 3055 310 3115 agere
332 3030 519 3112 incipiamus.
554 3028 617 3090 Ηίι
639 3049 698 3103 ιιι,
722 3049 799 3109 quae
819 3028 880 3089 iam
902 3027 934 3088 in
956 3037 1107 3108 troporum
1130 3027 1265 3089 doctrina
1287 3030 1478 3106 exstiterrmt,

222 3121 413 3202 duplicantur
433 3115 638 3188 difficultatem
668 3136 739 3176 nam
761 3136 829 3177 cum
851 3114 914 3175 illio
934 3113 1108 3194 plerumque
1130 3116 1329 3177 controversia
1350 3137 1415 3177 non
1439 3119 1478 3179 sit

221 3208 259 3270 de
280 3209 346 3288 ipsa
367 3205 399 3267 vi
421 3213 450 3265 et
471 3203 585 3264 ratione
603 3202 690 3281 tropi,
712 3201 764 3262 sed
785 3203 816 3261 in
832 3222 866 3262 eo
879 3221 925 3262 res
943 3209 1084 3275 vertatur,
1107 3201 1187 3280 quod
1202 3203 1293 3264 statui
1305 3202 1359 3264 vix
1369 3205 1480 3282 possit,

219 3291 480 3373 utrumquodque
508 3287 678 3368 exemplum
711 3287 837 3349 cratoni
869 3287 982 3368 aliquid
1011 3287 1154 3367 gravium
1184 3297 1306 3349 ornatus
1335 3291 1480 3352 conciliet

220 3400 320 3454 necne,
343 3379 374 3439 in
395 3377 464 3458 figg,
489 3376 555 3456 ipsa
576 3374 725 3454 figurtmdi
746 3375 822 3436 ratio
844 3381 908 3434 tam
929 3373 1052 3434 infinitis
1074 3382 1104 3435 et
1125 3374 1242 3435 incertis
1262 3375 1397 3436 terminis
1422 3378 1477 3438 cir·

222 3465 445 3538 cumscribitur,
476 3471 510 3523 ut
539 3481 635 3541 neque
655 3461 688 3521 in
709 3469 771 3521 toto
793 3481 899 3540 genere
920 3481 1016 3540 neque
1037 3461 1069 3520 in
1092 3459 1216 3540 singulis
1237 3461 1358 3537 fonnis,
1383 3484 1473 3543 quem

222 3555 262 3616 ad
285 3554 374 3614 finem
397 3550 527 3631 quidque
548 3548 661 3622 valeat,
688 3547 782 3627 possit
804 3555 941 3608 accurate
963 3546 1085 3608 definiri.
1128 3547 1231 3608 Etiam
1254 3548 1382 3624 Quintil.
1390 3551 1415 3629 ¹)
1437 3550 1476 3610 de

219 3642 277 3702 hac
297 3661 329 3701 re
351 3637 469 3700 scribit:
500 3640 545 3698 est
566 3640 669 3696 autem
690 3652 753 3695 non
774 3634 938 3696 mediocris
964 3635 1045 3697 inter
1074 3639 1215 3696 auctores
1243 3635 1413 3718 dissensio,
1445 3631 1484 3698 ιι

220 3747 300 3810 quae
321 3727 367 3788 ois
388 3720 555 3803 nominis’)
578 3723 644 3784 eius
666 3726 695 3782 et
717 3725 790 3803 quot
810 3739 926 3800 ponera
950 3726 978 3782 et
1001 3739 1189 3803 quaequam
1213 3717 1387 3804 multaeque
1412 3724 1474 3785 sint

222 3865 534 3876 ——--.--——-

324 3930 345 4001 ¹)
364 3935 388 3996 9,
409 3937 431 3996 l,
452 3931 499 3994 10;
523 3927 600 3979 Alex.
617 3927 660 3994 sp.
680 3927 728 3991 ΙΙΙ,
749 3928 764 3976 9
783 3926 863 3977 dicit:
890 3921 940 3976 ἔστι
963 3922 1005 3992 μὲν
1030 3921 1112 4000 cupi]
1135 3933 1246 3995 ιιχιῠσα
1269 3922 1388 3978 δυσκολία
1412 3923 1470 4012 nep'c
1551 3895 1552 3916 1

218 4016 268 4058 τῶν
286 4009 330 4053 τοῦ
349 3999 425 4072 λόγου
445 3995 580 4072 σχημάτων
604 3993 690 4049 εἰπεῖν·
714 3991 755 4047 καὶ
779 3994 827 4067 γὰρ
853 3990 916 4046 αὐτὰ
938 4002 974 4064 τῷ
999 3992 1092 4067 πλήθει
1111 3991 1263 4067 δυσπόριστα
1287 3992 1338 4046 ἐστι
1356 4007 1415 4047 τῶν·
1426 4017 1471 4070 peu
1551 4037 1552 4050 .

218 4070 262 4128 rai
282 4071 374 4125 ἄπειοα
392 4067 537 4140 φασκόντων
556 4062 667 4118 εἶναιτὰ
686 4061 735 4151 ³1⁴}
756 4083 811 4128 ατα,
829 4075 879 4115 τῶν
904 4061 930 4114 δὲ
950 4061 994 4114 οὐκ
1014 4063 1105 4134 ἄπειρα
1123 4063 1175 4134 μὲν,
1193 4062 1277 4116 πολλὰ
1295 4061 1322 4115 δὲ
1340 4062 1382 4116 καὶ
1401 4062 1470 4116 dns·

219 4121 398 4218 pihpnrasna'r
415 4135 478 4207 πρὸς
493 4135 575 4204 τούτῳ
601 4155 628 4208 γε
647 4131 677 4187 οὐ
697 4084 784 4208 p‘adiar
803 4131 924 4206 διακρῖναι
947 4129 974 4184 τὸ
1000 4141 1085 4216 σχῆμα
1103 4130 1153 4184 ἀπὸ
1172 4141 1217 4185 τοῦ
1241 4130 1354 4204 τρόπου,
1380 4131 1468 4186 καὶτὸ
1551 4199 1552 4206 ¹

217 4225 262 4289 τῆς
281 4204 390 4264 διανοίας
408 4203 450 4258 καὶ
467 4216 512 4280 τῆς
529 4204 622 4265 λέξεως
640 4202 682 4256 ἀπ’
701 4203 716 4255 ὰ
733 4199 825 4274 lictum.
863 4202 886 4270 ²)
910 4204 935 4254 A
954 4205 1062 4256 Graecis
1087 4204 1238 4255 honoratio
1257 4204 1363 4255 dicendi
1383 4213 1468 4276 σχῆμα
1551 4207 1552 4216 ’

217 4291 336 4347 vocatur,
356 4278 426 4344 quod
443 4290 538 4328 nomen
556 4275 609 4326 iem
628 4292 643 4326 ι
661 4275 842 4342 Theophrasto
861 4274 913 4324 hoc
931 4289 1009 4324 sensu
1027 4274 1176 4324 adhibitum
1195 4281 1247 4337 est3
1266 4275 1362 4326 Latine
1380 4275 1471 4340 figura.

218 4355 324 4418 dicitur,
343 4366 383 4415 up.
404 4346 459 4399 Cic.
479 4347 553 4397 Brut.
573 4347 623 4395 275
647 4343 750 4396 lumina
775 4343 915 4397 verborum
940 4349 966 4394 et
984 4344 1186 4407 sententiarum
1211 4345 1245 4397 ef.
1265 4344 1296 4394 de
1315 4359 1350 4396 or.
1372 4347 1396 4410 3,
1416 4347 1468 4408 963

219 4441 254 4474 or.
275 4426 322 4484 833
343 4422 400 4469 181.
