3138 5004
736 413 776 469 60

128 615 210 694 gitur
220 614 376 676 verborum
388 616 659 696 sententiarumque
671 616 792 677 floribus
802 616 849 694 (de
864 637 903 676 or.
918 619 946 690 3,
958 618 1019 696 96),
1043 637 1080 676 ex
1090 637 1188 677 rerum
1213 616 1381 694 cognitione

129 701 295 762 efflorescat
315 709 430 782 oportet
452 702 501 781 (16.
527 710 554 777 1,
579 706 639 783 20),
661 711 696 763 61
717 703 823 764 1611661
844 702 930 763 navis
953 724 1071 763 cursum
1094 723 1190 775 suurn,
1212 702 1381 763 intermisso

128 787 219 867 pulsu
258 809 421 866 remorum,
464 789 505 850 sic
545 790 654 863 oratio,
692 810 760 850 oum
799 790 908 869 scripta
944 789 1095 862 deficiunt,
1136 810 1245 869 parem
1278 797 1379 849 tamen

129 873 244 935 obtinet
265 895 383 935 cursum
405 875 581 955 scriptorum
603 875 785 936 similtudine
807 884 837 937 et
856 875 887 937 vi
902 875 1103 954 666611616(1,
1118 877 1199 953 153),
1221 875 1382 936 inflectitur

129 959 176 1039 (Β.
198 964 260 1041 38),
283 961 446 1040 quadratur
470 963 525 1041 (61.
551 965 641 1043 197),
664 962 792 1035 1666161,
816 970 952 1022 61666161
975 961 1045 1035 (Ρ6.
1068 962 1116 1035 H,
1141 964 1201 1040 86),
1225 969 1379 1040 tamquam

129 1047 162 1106 in
184 1047 254 1108 orbe
276 1047 392 1108 inclusa
415 1048 506 1130 currit
527 1050 579 1127 (61.
603 1049 695 1127 207),
723 1049 867 1121 canescit,
897 1048 989 1108 habet
1018 1069 1103 1108 suam
1126 1048 1328 1108 maturitatem
1350 1056 1380 1109 et

131 1133 218 1212 quasi
242 1143 421 1195 senectutem
445 1134 492 1213 (B.
516 1135 566 1216 8),
594 1135 780 1196 efficiendum
804 1144 866 1208 est,
889 1156 927 1196 66
948 1135 1038 1208 11661,
1059 1154 1099 1194 66
1119 1143 1253 1213 vagetur.
1277 1154 1314 1195 66
1337 1134 1381 1193 16-

129 1220 217 1280 616161
236 1220 367 1294 16161166,
390 1241 428 1280 66
450 1229 588 1281 excurrat
609 1221 726 1300 longius
749 1220 797 1299 (66
819 1241 859 1282 or.
883 1226 912 1294 3,
937 1222 1025 1300 190);
1056 1221 1197 1281 orationis
1220 1230 1383 1300 usurpatur

129 1306 268 1367 materies
291 1306 390 1386 (Rosa.
413 1307 453 1367 A.
477 1305 548 1389 89),
569 1328 662 1386 genus
684 1307 848 1381 lubricum,
870 1327 1011 1388 praeceps
1033 1307 1103 1385 (Pis.
1128 1308 1194 1385 68),
1215 1329 1243 1386 g.
1265 1307 1380 1381 1161666,

129 1393 251 1472 pictum,
268 1392 440 1472 expolitum,
462 1393 567 1472 inquo
583 1413 684 1454 omnes
697 1393 864 1468 verborum,
888 1415 989 1454 omnes
1002 1393 1214 1470 sententiarum
1226 1394 1383 1472 illigantur

129 1479 243 1559 lepores
272 1479 325 1558 (or.
350 1481 417 1560 06),
447 1500 474 1559 g.
498 1479 599 1554 dulce,
632 1480 754 1541 effluens
785 1481 839 1559 (61.
865 1485 935 1558 42),
964 1501 991 1560 g.
1013 1479 1129 1553 fusum,
1157 1488 1285 1540 tractum
1312 1501 1379 1540 cum

129 1565 253 1626 lenitate
275 1566 423 1646 profluens
454 1566 517 1627 sine
546 1567 757 1628 sententiarum
785 1565 895 1627 aculeis
919 1567 1029 1646 (6661.
1054 1571 1081 1639 2,
1106 1568 1174 1641 64),
1204 1567 1306 1627 lumen
1328 1567 1378 1644 (16.

131 1657 159 1724 3,
184 1653 254 1734 50),
285 1652 435 1713 subtilitas
465 1653 527 1713 eius
555 1653 610 1714 etsi
639 1674 700 1714 666
731 1652 852 1733 plurimi
874 1653 1028 1732 sanguinis
1054 1661 1113 1726 est,
1146 1652 1259 1714 habeat
1280 1661 1381 1714 tamen

130 1759 234 1798 sucum
258 1737 387 1818 aliquem
410 1748 532 1819 oportet,
554 1748 588 1800 ut
610 1739 649 1799 sit
670 1739 757 1819 quasi
778 1739 894 1818 integra
915 1739 1087 1801 valetudine
1107 1739 1159 1818 (61.
1175 1741 1241 1820 76);
1264 1739 1381 1799 6166661

131 1824 239 1884 dicitur
261 1825 389 1898 ubertas,
420 1825 498 1888 silva
520 1829 572 1904 (61.
603 1827 668 1906 12),
698 1826 786 1886 ardor
815 1826 860 1904 (Β.
886 1826 977 1907 317),
1006 1825 1087 1886 faces
1109 1825 1157 1904 (de
1179 1846 1219 1886 or.
1244 1831 1273 1902 2,
1298 1828 1380 1904 205),

129 1911 234 1985 forma,
257 1911 353 1990 figura
376 1911 426 1991 (16.
452 1917 478 1985 2,
503 1915 570 1986 98),
592 1913 735 1992 mysteria
758 1913 799 1994 (1,
824 1914 905 1991 206),
929 1911 1035 1993 epulae
1058 1913 1128 1992 (top.
1153 1913 1218 1990 25),
1241 1912 1382 1973 Isocratis

130 1997 236 2057 domus
258 1997 347 2057 ludus
369 1998 490 2076 quidam
521 2008 611 2078 atque
633 1999 752 2060 officina
774 1999 891 2060 dicendi
921 1997 969 2082 (B.
994 1999 1062 2078 32);
1092 1998 1232 2077 loquendi
1254 2019 1382 2059 comme·

129 2092 265 2144 moratur
286 2084 403 2144 unctior
425 2084 572 2163 quaedam
596 2085 835 2164 splendidiorque
857 2085 1038 2146 consuetudo
1061 2085 1107 2162 (B.
1126 2085 1180 2168 78)
1198 2093 1228 2146 et
1249 2085 1381 2164 opimum

132 2169 283 2248 quoddam
314 2178 344 2230 et
366 2170 506 2249 adipatae
527 2171 664 2231 dictionis
687 2193 779 2250 genus
803 2174 853 2251 (61.
878 2174 947 2248 25);
979 2171 1105 2232 61611661
1133 2191 1273 2232 66166166
1296 2171 1381 2250 quasi

131 2255 284 2333 quandam
305 2255 487 2334 palaestram
513 2265 544 2316 et
569 2266 702 2317 extrema
728 2257 910 2319 lineamenta
932 2257 1033 2319 attulit
1055 2260 1108 2336 (61.
1134 2258 1225 2341 186);
1249 2258 1381 2318 61611666

131 2340 301 2401 1666661661
324 2342 489 2402 6666116161
502 2342 550 2421 (66
564 2363 605 2406 or.
621 2348 649 2416 2,
665 2346 747 2424 197),
770 2344 802 2403 111
821 2344 952 2404 61611666
967 2343 1097 2404 luxuries
1112 2343 1180 2404 stilo
1194 2344 1382 2423 depascenda

132 2435 177 2488 est
200 2427 253 2498 (16.
279 2433 307 2501 2,
331 2430 401 2507 96),
425 2449 462 2489 ex
483 2429 600 2489 Palerei
623 2429 805 2490 orationibus
827 2430 910 2508 ipsae
930 2429 1071 2490 Athenae
1092 2430 1222 2490 redolere
1243 2431 1384 2492 videntur

130 2512 177 2592 (Β.
203 2515 283 2592 285).
331 2514 468 2576 Sermo
490 2515 614 2576 infertur
636 2516 672 2577 de
694 2536 725 2576 re
747 2516 795 2594 (de
817 2536 858 2578 or.
884 2521 918 2589 1,
942 2518 1005 2594 29),
1028 2516 1182 2594 inquinate
1197 2516 1381 2594 loquentium

129 2600 341 2679 expurgandus
369 2601 484 2678 661(Β.
509 2605 603 2678 258),
635 2602 871 2682 Xenophonteus
901 2612 947 2663 est
975 2601 1063 2662 melle
1093 2602 1207 2663 dulcior
1233 2604 1286 2680 (61.
1319 2604 1382 2680 32),

129 2696 269 2760 6616661,
301 2686 362 2747 exit
385 2688 488 2756 (Rosa.
511 2689 550 2749 A.
568 2689 622 2770 3),
652 2697 825 2768 permanat,
855 2687 1003 2749 redundat
1024 2687 1125 2766 (Balb.
1150 2692 1215 2767 56),
1238 2689 1381 2749 sermonis

129 2793 222 2833 66666
243 2773 354 2834 666161
368 2773 454 2852 (8661.
480 2775 540 2854 22).
553 2811 595 2820 -
607 2775 740 2836 Verba
762 2784 833 2836 sunt
855 2774 987 2853 alligata,
1011 2775 1109 2835 soluta
1132 2775 1179 2854 (de
1193 2796 1234 2838 or.
1253 2780 1280 2849 3,
1299 2777 1381 2854 176),

129 2859 214 2933 6616,
236 2859 370 2933 humilia,
393 2859 511 2940 longius
534 2861 624 2922 ducta
638 2862 684 2940 (B.
702 2863 791 2942 274),
813 2861 942 2922 illustria
964 2861 1017 2938 (de
1030 2882 1070 2922 or.
1088 2868 1114 2935 1,
1140 2863 1222 2942 151),
1245 2862 1381 2922 ardentia

130 2948 185 3025 (or.
211 2949 270 3025 27),
294 2946 521 3021 effervescentia,
544 2947 744 3008 redundantia
767 2948 873 3030 (6661.
889 2953 916 3021 2,
940 2949 1002 3026 88),
1026 2947 1124 3008 verbis
1140 2949 1226 3028 quasi
1240 2948 1382 3009 demensa

128 3034 181 3112 (or.
206 3035 266 3111 38),
290 3032 451 3094 volvuntur
483 3035 532 3110 (B.
556 3035 645 3114 246),
677 3035 763 3113 quasi
794 3041 1039 3112 coagmentantur
1062 3034 1112 3113 (16.
1137 3037 1205 3116 68),
1232 3035 1380 3114 quaedam

128 3119 233 3179 inania
255 3118 444 3180 inculcantur
462 3121 548 3199 quasi
561 3120 778 3200 complementa
799 3141 989 3181 numerorum
1011 3123 1064 3198 (61.
1083 3127 1161 3194 230;
1184 3121 1379 3200 6116.231);

128 3205 288 3266 verborum
318 3205 427 3266 dicitur
452 3206 554 3272 ieiuna
581 3208 759 3268 concertatio
788 3207 900 3274 (deor.
925 3212 952 3281 2,
976 3210 1036 3286 68),
1058 3207 1232 3269 volubilitas
1255 3214 1294 3287 (1,
1320 3210 1380 3288 17),

129 3311 233 3352 cursus
257 3293 298 3372 (1,
323 3294 415 3373 161),
445 3293 555 3353 flumen
579 3295 627 3372 (2,
654 3294 736 3377 188),
755 3294 834 3355 orbis
857 3292 899 3378 (3,
926 3295 1009 3373 198),
1031 3302 1182 3355 16666616
1206 3293 1293 3376 (part.
1318 3291 1381 3375 25),

128 3378 264 3457 pondera
286 3379 334 3458 (de
356 3399 396 3440 or.
420 3383 448 3453 2,
474 3378 536 3462 73),
559 3380 642 3441 sedes
665 3380 716 3448 (ib.
741 3386 768 3454 3,
793 3382 855 3458 19),
877 3379 932 3440 lux
954 3382 994 3457 (3,
1018 3384 1078 3460 24),
1101 3380 1217 3441 lumina
1239 3387 1293 3456 (61.
1319 3382 1380 3459 67),

129 3464 345 3543 conglutinatio
368 3465 419 3545 (16.
446 3468 512 3545 78),
547 3466 698 3527 architecti
718 3487 814 3546 paene
836 3466 928 3528 Stoici
952 3467 997 3545 (Β.
1023 3469 1106 3546 118),
1128 3467 1306 3527 constructio
1330 3466 1383 3538 (de

129 3572 171 3614 61.
199 3558 225 3626 1,
251 3553 310 3630 17),
332 3552 461 3612 nitidum
483 3574 584 3632 genus,
607 3553 735 3627 laetum,
766 3552 934 3632 palaestrae
963 3553 1059 3632 magis
1082 3562 1111 3613 et
1133 3553 1190 3612 olei
1212 3572 1302 3630 quam
1325 3551 1381 3612 fori

130 3639 172 3717 (1,
198 3637 262 3721 81),
286 3638 425 3717 splendor
446 3641 487 3718 (2,
511 3642 571 3719 34),
594 3640 647 3701 666
672 3642 711 3719 (1,
725 3643 815 3718 234);
837 3639 935 3700 verbis
951 3638 1086 3699 obruitur
1099 3638 1245 3699 Caecilius
1260 3638 1380 3714 (Caecil.

130 3727 194 3804 46),
218 3725 365 3785 sententia
387 3725 545 3805 colligatur
566 3729 618 3804 (61.
645 3731 719 3800 168;
742 3726 778 3787 cf.
791 3726 827 3786 de
839 3746 880 3787 61.
894 3731 922 3799 3,
946 3724 1033 3806 175),
1056 3745 1078 3786 6.
1094 3725 1227 3786 volvitur
1240 3724 1380 3805 (B.280),

127 3811 321 3872 fortissimum
344 3831 437 3890 genus
460 3813 577 3874 dicendi
599 3821 645 3874 est
665 3834 727 3874 rem
749 3812 827 3872 binis
855 3820 908 3872 aut
922 3812 1013 3872 ternis
1028 3811 1113 3871 ferire
1131 3810 1228 3872 verbis
1243 3813 1381 3890 (or.226;

129 3897 167 3959 cf.
190 3898 227 3959 de
249 3918 289 3959 or.
316 3904 343 3970 1,
367 3899 450 3978 255),
472 3899 619 3978 principia
647 3899 816 3960 verecunda
838 3919 900 3960 esse
922 3897 1049 3971 debent,
1071 3918 1131 3957 non
1153 3898 1239 3958 elatis
1260 3898 1381 3960 incensa

128 3984 228 4045 verbis
252 3986 305 4065 (or.
330 3985 420 4057 124),
452 3984 483 4044 in
513 3985 612 4046 verbis
638 3994 668 4047 et
694 3985 782 4046 rebus
805 3983 1008 4046 exaedificatio
1030 3984 1127 4064 posita
1149 3992 1194 4045 est
1216 3985 1264 4063 (de
1286 4006 1327 4048 or.
1353 3990 1381 4059 2,

131 4073 200 4151 63),
229 4092 266 4131 ex
288 4070 381 4133 verbo
404 4090 496 4131 causa
525 4073 635 4150 pendet
656 4076 700 4150 (2,
727 4074 815 4150 107).
860 4070 950 4131 Vox
972 4079 1017 4131 est
1045 4079 1192 4146 contenta,
1215 4072 1382 4145 summissa,

128 4157 282 4232 inclinata,
305 4158 417 4218 inflexa
439 4156 478 4217 ad
500 4159 698 4219 miserabilem
721 4178 827 4218 sonum
851 4157 902 4235 (or.
928 4162 979 4230 56,
1009 4158 1046 4218 66
1068 4178 1108 4219 61.
1133 4164 1160 4231 2,
1185 4160 1273 4235 193).
1319 4157 1381 4234 Qui

128 4244 231 4306 Attice
261 4245 357 4306 dicere
386 4243 493 4305 volunt
522 4264 582 4303 non
613 4265 681 4305 ossa
704 4243 817 4318 solum,
845 4243 896 4303 sed
919 4243 1008 4303 etiam
1031 4244 1206 4325 sanguinem
1228 4243 1383 4304 imitanter

129 4331 178 4413 (Β.
203 4331 271 4410 68),
300 4330 394 4392 111666
425 4329 526 4409 figuris
550 4330 677 4391 insidere
700 4330 821 4409 quidam
843 4330 1007 4391 venustatis
1029 4352 1090 4392 non
1111 4331 1178 4392 fuco
1200 4330 1306 4403 illitus,
1330 4331 1382 4392 sed

129 4417 275 4496 sanguine
297 4417 420 4478 diffusus
443 4416 530 4477 debet
552 4416 632 4477 color
655 4416 704 4502 (66
727 4437 768 4480 61.
796 4422 829 4491 3,
855 4416 939 4499 199),
968 4417 1090 4478 Catonis
1112 4416 1299 4478 lineamentis
1321 4417 1380 4477 nisi
