3138 5004
822 383 862 440 88

215 589 290 650 dum
312 587 343 646 in
366 570 533 648 usufuisse
554 586 704 659 videntur;
727 584 764 648 cf.
788 585 885 647 Blass
908 585 995 667 Ill„
1021 590 1091 648 154.
1126 586 1279 646 Postremo
1295 584 1462 646 addendum

215 683 270 747 est,
292 673 370 735 hanc
385 673 502 734 dicendi
516 673 643 734 formam
658 673 833 752 cognatione
845 673 977 752 quadam
991 692 1058 732 eam
1073 672 1218 750 attingere
1231 670 1463 745 translationem,

216 782 278 841 qua
301 760 435 820 animata
457 780 510 839 pro
532 759 672 820 inanimis
695 767 855 840 ponuntru.
901 758 1135 820 Conformationi
1156 779 1243 838 porro
1266 758 1364 819 affinis
1378 767 1428 820 ¹cst

678 979 1006 1098 Apostrophe,

216 1173 266 1234 vel
289 1173 387 1253 potius
408 1174 621 1254 prosopopoeia
643 1173 703 1235 fere
725 1173 814 1234 simul
835 1183 880 1235 est
893 1173 1079 1255 apostrophe,
1101 1171 1232 1252 quiahic
1245 1190 1362 1250 quoque
1376 1171 1467 1231 oratio

218 1281 239 1320 a
260 1259 357 1321 iudice
378 1261 427 1322 vel
450 1260 508 1334 eie,
543 1260 625 1340 apud
654 1281 727 1340 quos
756 1261 890 1335 habetur,
922 1261 1017 1324 averti
1039 1259 1120 1320 solet.
1165 1258 1247 1318 Nam
1276 1258 1334 1318 hac
1355 1257 1402 1336 fig.
1425 1277 1468 1329 ea,

219 1366 299 1428 quae
326 1347 368 1409 ad
394 1347 472 1409 aiios
495 1346 576 1409 diota
599 1346 756 1424 columns,
788 1348 830 1410 ad
858 1349 936 1410 otios
966 1347 1067 1409 dicere
1097 1342 1292 1425 aidemarffi).
1338 1344 1380 1404 Et
1399 1343 1469 1422 quia

218 1433 294 1494 haec
325 1433 439 1495 aversio
466 1433 608 1494 orationis
635 1455 695 1495 non
724 1455 889 1514 numquam
918 1433 1009 1495 etiam
1038 1432 1077 1493 ad
1106 1453 1152 1492 res
1182 1430 1331 1491 iuanimas
1359 1429 1405 1502 fit,
1440 1430 1470 1488 in

221 1519 364 1599 exemplis
391 1519 487 1580 huius
502 1541 530 1600 g.
552 1521 631 1581 inter
659 1520 922 1582 conformationem
952 1529 981 1582 et
1004 1517 1203 1599 apostrophen
1225 1516 1301 1576 nihil
1324 1515 1405 1577 aliud
1429 1516 1471 1574 in·

219 1615 323 1680 terest,
346 1606 404 1666 nisi
426 1607 506 1687 quod
539 1607 571 1667 in
592 1606 647 1667 illa
668 1607 740 1687 ipsis
761 1606 849 1668 rebus
879 1607 941 1668 eius
963 1629 991 1687 g.
1016 1625 1111 1667 sermo
1134 1603 1306 1666 attribuitur
1328 1611 1358 1663 et
1378 1623 1471 1678 mens,

220 1693 252 1752 in
274 1692 331 1753 hac
354 1693 448 1754 oratio
471 1693 582 1754 adeas
606 1695 794 1756 convertitur.
838 1691 1003 1774 Kleutg.4⁷)
1024 1693 1103 1753 hanc
1126 1690 1266 1753 orationis
1290 1688 1472 1751 aversionem

221 1787 361 1859 quattuor
383 1779 478 1840 modis
501 1779 564 1840 fieri
586 1779 703 1852 actibit,
733 1802 801 1842 cum
830 1789 929 1841 orator
951 1788 1004 1860 aut
1026 1787 1227 1840 accusatorem
1248 1775 1298 1839 vel
1320 1796 1402 1836 reum
1425 1775 1473 1838 vel

220 1867 316 1926 imum
339 1865 468 1945 aliquem
492 1866 742 1928 exaudientibus
766 1867 950 1947 alloquatur,
980 1874 1032 1926 aut
1053 1866 1153 1926 Deum
1175 1862 1225 1926 vel
1254 1883 1374 1942 superos
1396 1883 1473 1923 com·

220 1951 324 2032 pellet,
356 1960 409 2012 aut
440 1952 487 2012 ad'
507 1961 639 2014 mortuos
669 1973 834 2014 samonem
863 1961 1017 2015 convertat
1047 1960 1100 2012 aut
1129 1949 1230 2024 urbes,
1259 1949 1404 2029 patriam,
1429 1969 1472 2009 res

222 2038 350 2117 denique
372 2038 521 2100 inanimes
544 2039 722 2119 alloquatur.
766 2039 863 2101 Fictio
887 2048 986 2100 autem
1008 2037 1057 2101 vel
1078 2036 1226 2116 figurandi
1249 2036 1295 2098 vis
1317 2035 1366 2096 hic
1386 2036 1420 2095 in
1444 2057 1474 2096 eo

223 2124 381 2186 consistere
402 2126 527 2200 videtur,
550 2126 630 2205 quod
653 2125 754 2200 oratio,
777 2146 959 2206 quamquam
981 2124 1076 2188 averti
1098 2123 1227 2197 videtur,
1249 2131 1350 2183 tamen
1371 2122 1403 2181 in
1428 2143 1473 2183 eos

150 2273 151 2276 ,
222 2211 393 2285 intenditur,
416 2233 542 2291 quorum
563 2212 763 2312 docendorum
777 2212 826 2275 vel
840 2211 1118 2275 commovendorum
1133 2229 1225 2271 causa
1235 2208 1363 2269 habetur
1364 2218 1474 2288 ,atque

222 2297 282 2359 fere
305 2298 396 2358 etiam
417 2298 582 2360 maiorem
550 2298 634 2360 vict
654 2299 787 2379 impetu,
816 2320 907 2399 qnam
930 2299 955 2359 si
977 2299 1009 2358 in
1030 2298 1109 2378 ipsos
1132 2296 1315 2376 dirigeretur.
1360 2294 1474 2356 Causae

222 2392 324 2445 autem
346 2383 434 2445 huius
456 2385 594 2459 rationis,
618 2406 686 2446 cum
708 2385 767 2446 sint
788 2385 906 2460 variae,
929 2406 967 2458 ex
989 2384 1113 2464 singulis
1135 2382 1278 2462 exemplis
1301 2382 1475 2462 repetendae

220 2479 301 2532 sunt.
280 2471 459 2533 t.Herod
482 2433 663 2551 quidemst)
674 2472 749 2532 citat
770 2472 812 2534 H.
834 2479 876 2546 H,
902 2477 963 2575 104
982 2467 1068 2536 ardu
1080 2492 1114 2532 νε
1125 2491 1186 2567 τοι,
1210 2465 1364 2569 Μενέλαε,
1374 2463 1472 2574 potae

223 2547 352 2635 βιότοιο
362 2556 530 2661 τελευτή,
556 2558 662 2620 deinde
692 2558 776 2619 addit
804 2551 859 2622 τὸν
886 2555 964 2658 περὶ
994 2549 1104 2621 αὐτου
1116 2543 1251 2640 λόγον
1231 2553 1331 2640 apale
1353 2551 1397 2630 εἰς
1418 2577 1470 2618 τοι

223 2636 307 2729 πρὸς
330 2635 427 2708 atrii
451 2633 587 2730 ἐτράπη.
637 2645 726 2706 Haec
755 2654 938 2724 quamquam
966 2642 1104 2722 enallage
1132 2662 1275 2722 personae
1301 2650 1417 2703 tantum
1445 2649 1473 2702 et

222 2730 423 2810 grammatica
445 2732 594 2810 quaedam
615 2731 665 2811 fig.
688 2740 752 2805 est,
774 2740 875 2792 tamen
896 2730 1046 2791 interdum
1069 2730 1159 2790 etiam
1182 2727 1359 2789 rhetoricam
1381 2729 1475 2788 induit

223 2825 338 2879 vnnet
358 2817 432 2878 mire
454 2827 568 2892 movet,
596 2827 631 2878 ut
652 2818 724 2879 Eur.
744 2779 858 2878 'Phaon
890 2823 953 2880 884
984 2811 1023 2880 οὐ
1052 2811 1081 2878 d
1105 2841 1130 2878 ιο
1117 2806 1295 2880 τάλαινα
1318 2835 1476 2897 συγκατα-

227 2893 366 2968 σκάπτει
391 2892 479 2982 πόλι,
502 2866 593 2985 Veig.
607 2905 715 2984 Georg.
730 2910 757 2978 2,
783 2910 845 2968 170
860 2899 1026 3008 ›Scipiadps
1041 2902 1135 2965 daras
1148 2901 1223 2965 bello
1241 2907 1318 2976 ette,
1343 2905 1477 2964 manime

228 2989 355 3064 (laesor,
385 2990 473 3053 Dem.
496 2991 629 3066 XVIII,
653 2995 714 3053 243
739 2985 841 3071 ἐμβ’
804 3011 946 3077 ροιτηιε,
970 2980 1043 3054 εἶτα
1066 2989 1120 3052 νῦν
1142 2984 1258 3071 Aipeia·
1290 2951 1353 3051 (lic.
1377 2989 1478 3050 Flace.

227 3080 267 3138 63
293 3075 405 3136 adsunt
432 3039 688 3155 Lacedaemonii,
720 3078 832 3139 adsunt
861 3096 901 3138 ea
923 3075 1045 3137 Achaia
1077 3074 1185 3155 lopati,
1214 3094 1312 3156 neque
1340 3095 1415 3138 cero
1445 3081 1477 3152 te,

226 3159 379 3239 Massilia,
400 3169 571 3242 praetereo.
614 3163 705 3230 Alex
728 3164 748 3225 l.
772 3185 795 3225 c.
819 3163 904 3224 affert
924 3163 967 3224 H.
991 3167 1028 3236 B,
1053 3165 1124 3236 284,
1147 3160 1199 3221 ubi
1213 3160 1321 3222 Ulixes
1337 3182 1382 3236 ea,
1405 3182 1478 3242 quae

225 3248 267 3308 ad
289 3247 420 3309 Graecos
448 3249 681 3329 reprehendendi
710 3271 801 3312 causa
829 3247 1074 3322 conversandi,
1097 3248 1318 3326 Agamemnoni
1347 3210 1479 3328 dicit4⁹);

226 3355 276 3414 ap.
300 3333 412 3409 Phoeb.
436 3335 457 3399 l.
481 3357 505 3397 c.
528 3337 569 3397 eis
591 3337 698 3410 verbis,
721 3357 798 3416 quae
820 3336 859 3397 ad
881 3336 1055 3415 magistrum
1079 3334 1253 3414 diriguntur,
1276 3333 1396 3414 oblique
1419 3335 1480 3396 eius

226 3420 368 3500 discipuli
388 3421 595 3502 castigantur⁵
599 3426 642 3504 ¹3)
666 3424 760 3484 acutis
762 3422 870 3484 simum
891 3421 979 3483 huius
1002 3443 1029 3501 g.
1052 3420 1221 3500 exemplum
1235 3421 1349 3482 iudicat
1365 3421 1481 3500 Aquila

227 3509 315 3570 Dem.
337 3507 394 3582 VI,
419 3514 468 3583 20,
491 3508 544 3571 nbi
565 3509 673 3592 quibas
695 3509 794 3572 verbis
816 3509 968 3592 papalem
993 3507 1209 3570 Atheniensem
1236 3509 1384 3570 monitam
1408 3508 1481 3579 cult,

229 3613 266 3655 ea
288 3613 321 3656 se
344 3594 417 3656 dicit
439 3596 525 3678 apud
535 3596 669 3676 Arpinas
685 3602 713 3658 et
727 3594 895 3658 Messenios
918 3595 1131 3658 concionatum
1148 3603 1233 3656 esse
1221 3591 1267 3674 ¹).
1301 3593 1483 3674 Saepissime

228 3681 338 3755 oratio,
369 3702 447 3761 quae
468 3682 573 3744 iudicis
595 3683 720 3744 docendi
743 3703 834 3744 causa
857 3681 1036 3755 instituitur,
1067 3689 1120 3741 aut
1142 3680 1181 3741 ad
1203 3690 1405 3742 accusatorem
1429 3688 1483 3740 aut

229 3766 268 3826 ad
290 3788 373 3828 reum
405 3777 459 3830 aut
480 3769 520 3830 ad
542 3769 702 3832 advocatos
726 3778 778 3830 aut
801 3769 840 3830 ad
862 3767 992 3848 aliquem
1012 3788 1107 3828 unum
1137 3787 1154 3827 e
1184 3766 1331 3828 iudicibus
1360 3787 1485 3828 conver·

229 3852 316 3927 titur,
345 3863 378 3915 ιιι
391 3855 488 3919 Raso.
512 3855 552 3920 A.
578 3861 640 3918 144
670 3856 710 3918 ad
731 3855 972 3936 Chrysogonum,
995 3854 1080 3916 ¹Cael.
1104 3858 1143 3916 37
1176 3853 1215 3913 ad
1237 3853 1385 3926 anlium;
1418 3873 1483 3954 non

335 4060 370 4128 ⁴⁶)
388 4064 478 4129 Aquil
497 4065 533 4116 H.
553 4066 599 4129 253
619 4066 651 4114 cf.
671 4064 749 4116 Alex.
767 4065 811 4131 sp.
829 4064 879 4128 111,
898 4067 939 4125 23,
957 4061 1055 4112 Phocb.
1075 4065 1108 4112 49
1128 4068 1154 4112 et
1172 4063 1213 4122 54,
1231 4064 1295 4111 Ζοιι.
1316 4064 1372 4126 163,
1391 4062 1484 4111 Anon.

231 4134 290 4194 178,
310 4130 397 4181 Dnial.
417 4136 464 4195 26,
490 4135 589 4186 Mense.
609 4135 641 4184 D.
662 4138 694 4184 20
719 4150 774 4199 sqq
810 4103 888 4200 ⁴⁷)1i.
907 4102 948 4184 83
985 4131 1078 4198 ⁴⁸.)Sp
1098 4133 1147 4196 ΙΙΙ,
1167 4134 1208 4184 88.
1243 4131 1275 4198 ⁴⁸)
1293 4100 1415 4202 ’Aspe'ttq
1438 4137 1487 4178 son

230 4196 256 4250 δ
287 4219 328 4264 σε,
357 4198 434 4265 ἄναξ,
457 4171 586 4254 ιθὲλουσιν
589 4198 703 4286 Ἀχαιοι
729 4213 803 4256 πᾶσιν
822 4201 968 4285 ἐλέγχιστον
993 4196 1023 4252 di
1043 4218 1095 4252 τναι
1120 4197 1253 4284 μερόπεσσι
1277 4197 1400 4299 βροτοῖριν
1423 4195 1487 4254 arei,

230 4199 507 4354 ἰσιιιυδάζουιιν
487 4289 510 4321 οι
529 4289 566 4322 σοι
586 4268 679 4356 ἑταῖροι
698 4280 731 4352 τι
756 4267 846 4342 ἀταξίᾳ
864 4289 925 4323 ταυτ
917 4290 972 4353 ,ιι
961 4219 1098 4322 sanniones
1115 4266 1206 4354 cipro
1179 4265 1206 4322 δό
1210 4266 1253 4328 Εοιν
1273 4287 1327 4320 σου.
1372 4269 1471 4336 ⁵¹)os
1419 4267 1486 4322 ΙΙῶ
1475 4285 1487 4300 ⁵

230 4337 263 4422 pei
266 4355 280 4419 p
298 4335 383 4405 οἴεσθ’,
390 4337 476 4424 ἔφην,
501 4337 659 4429 δοσχεριῖις’
647 4338 745 4392 nacitur
763 4323 972 4422 ’ολονθὶους,”
949 4357 970 4390 ει
995 4335 1031 4397 τίς
1055 4358 1078 4390 τι
1095 4337 1169 4422 λέγοι
1194 4336 1257 4390 κατὰ
1280 4334 1406 4390 Φιλίππου
1424 4334 1488 4386 κατ’

230 4403 339 4464 saciaco<
356 4406 413 4466 τοὺς
431 4408 547 4482 χρόνοις,
568 4408 600 4462 οτ
619 4408 663 4462 Α
667 4406 832 4482 teneone
808 4429 850 4483 μιν
869 4406 953 4466 αὐτοῖς
972 4405 1040 4481 ἀφίει
1057 4405 1111 4460 τισι.
