3136 5004
786 371 804 430 2

167 573 255 635 facile
285 575 323 635 sit
346 574 395 636 vel
416 574 514 654 potius
536 575 599 635 fieri
620 575 704 635 nullo
727 576 814 636 modo
836 577 944 656 possit,
977 585 1011 637 ut
1033 576 1133 635 omnia
1157 576 1195 636 ad
1217 577 1367 656 propriam
1390 585 1419 637 et

167 661 259 720 fixam
289 682 424 722 normam
456 661 519 723 sive
545 660 680 740 regulam
709 663 882 742 dirigantur.
934 663 1038 736 Adde,
1067 661 1146 741 qued
1175 662 1316 742 pleraque
1345 663 1419 724 haec

168 756 343 808 ornamenta
364 768 459 826 neque
481 748 558 808 inter
580 769 611 810 se
632 769 728 828 neque
751 770 769 809 a
791 749 942 810 communi
962 748 1103 828 loquendi
1124 749 1335 810 consuetudine
1357 749 1418 810 fere

168 833 306 894 differant
334 854 452 914 genere,
483 835 535 895 sed
564 834 660 914 gradu
682 843 812 910 tanturn,
835 845 869 896 ut
890 835 1098 896 difficillimum
1121 835 1160 896 sit
1186 841 1328 909 statuere,
1359 857 1418 915 quo

169 941 264 1000 usque
293 929 323 982 et
351 921 441 981 totius
471 921 585 1000 generis
615 930 645 983 et
676 920 862 1001 singularum
891 923 1022 1002 partium
1044 922 1090 983 vis
1120 930 1150 982 et
1170 922 1246 982 ratio
1267 922 1367 983 valere
1389 931 1419 983 et

168 1006 314 1086 pertinere
335 1007 471 1087 putanda
494 1007 547 1080 sit;
570 1028 664 1088 neque
684 1008 806 1069 minoris
828 1009 866 1070 ob
889 1008 967 1070 hanc
988 1009 1085 1088 ipsam
1108 1028 1230 1069 causam
1250 1017 1295 1069 est
1308 1008 1418 1069 laboris

168 1101 198 1153 et
219 1093 330 1172 negotii
351 1101 446 1154 totam
467 1094 613 1154 rationem
634 1095 666 1155 in
688 1115 797 1175 genera
818 1104 848 1156 et
869 1095 979 1156 formas
1001 1094 1183 1156 distribuere.
1227 1095 1264 1154 In
1278 1115 1309 1170 re
1329 1095 1419 1174 igitur

168 1187 230 1238 tam
261 1180 379 1240 infinita
407 1190 437 1240 et
466 1179 624 1241 arbitraria
652 1202 713 1242 non
739 1181 910 1242 mirandum
939 1190 999 1256 est,
1034 1180 1114 1261 quod
1143 1181 1261 1242 termini
1290 1181 1328 1242 ab
1352 1181 1418 1242 aliis

168 1265 286 1344 longius
308 1266 504 1346 proferuntur,
528 1267 566 1328 ab
590 1266 656 1328 aliis
678 1269 867 1342 reducuntur,
889 1289 985 1349 neque
1006 1288 1116 1346 magno
1139 1288 1225 1347 opere
1246 1268 1292 1327 illi
1305 1276 1418 1330 veteres

167 1352 401 1431 reprehendendi
423 1361 505 1426 sunt,
530 1354 608 1432 quod
640 1376 745 1417 causas
775 1355 980 1416 definitionum
1002 1363 1033 1415 et
1053 1354 1275 1415 distinctionum
1298 1375 1418 1415 suarum

168 1459 229 1498 non
258 1460 295 1499 ex
323 1439 429 1500 intima
458 1459 556 1500 rerum
585 1442 617 1502 m'
648 1450 678 1502 et
699 1449 808 1502 natura
829 1441 1005 1514 derivarint,
1036 1441 1087 1501 sed
1113 1449 1250 1501 externas
1272 1442 1418 1520 quasdam

168 1533 255 1586 notas
278 1526 369 1587 secuti
392 1527 604 1587 constituerint.
649 1528 755 1607 Neque
777 1529 856 1588 enim
880 1527 965 1588 aliter
987 1548 1032 1588 res
1056 1535 1200 1604 cognatae
1222 1536 1252 1588 et
1264 1527 1366 1588 multis
1381 1548 1418 1588 ex

167 1611 302 1690 partibus
334 1613 411 1674 inter
440 1633 471 1674 se
493 1613 704 1692 ¹contingentes
737 1614 880 1694 distingui
905 1622 1044 1693 possunt,
1074 1634 1169 1692 neque
1198 1614 1230 1672 in
1260 1614 1300 1674 eis
1331 1614 1418 1674 rebus

168 1697 316 1772 definitio,
339 1720 416 1778 quae
437 1699 554 1778 proprie
576 1700 698 1774 dicitur,
722 1701 773 1761 sed
795 1700 952 1779 descriptio
977 1708 1096 1760 tantum
1117 1700 1177 1760 fere
1198 1699 1296 1760 locum
1319 1700 1417 1761 habet.

151 1781 274 1864 ¹Neque
296 1785 415 1845 omnino
439 1785 488 1846 hic
510 1786 592 1846 locus
614 1787 646 1846 in
669 1796 768 1858 artem¹
784 1786 878 1865 redigi
899 1807 1031 1866 unquam
1053 1787 1167 1866 poterit,
1191 1786 1356 1865 siquidem
1370 1807 1418 1847 ars

168 1871 335 1932 continetur
355 1871 443 1932 rebus
466 1873 590 1951 cognitis
612 1873 788 1953 penitusque
810 1872 969 1952 perspectis
992 1881 1022 1933 et
1043 1873 1074 1932 in
1097 1893 1189 1932 unum
1205 1873 1316 1933 exitum
1339 1894 1418 1952 spec-

167 1957 301 2018 tantibus
331 1979 426 2038 neque
447 1979 580 2038 unquam
609 1959 782 2020 fallentibus
812 1968 842 2020 et
871 1958 910 2019 ab
942 1959 1088 2038 opinionis
1118 1958 1239 2019 arbitrio
1271 1959 1418 2033 seiunctis

168 2044 220 2104 sed
242 2064 357 2124 semper
387 2045 419 2103 in
446 2044 651 2108 observatione
679 2056 797 2107 tantum
828 2045 995 2107 versabitur
1017 2054 1106 2125 atque
1135 2047 1282 2124 quaedam
1309 2046 1340 2106 in
1363 2046 1419 2106 hoc

167 2151 273 2208 genere
295 2131 481 2210 aliquamdiu
502 2132 533 2190 in
556 2153 612 2192 usu
633 2141 720 2193 erunt
741 2140 771 2193 et
792 2132 953 2205 florebunt,
986 2141 1090 2212 postea
1111 2151 1212 2192 rursus
1235 2132 1419 2194 obs0lescent

166 2225 197 2277 et
219 2217 387 2291 morientur,
411 2217 472 2278 alia
494 2227 594 2279 autem
617 2219 833 2280 subnascentur
854 2227 883 2279 et
907 2219 1056 2297 vigebunt.
1116 2263 1117 2266 ,
1149 2250 1151 2254 .

271 2304 397 2384 Propter
418 2304 542 2366 eandem
573 2305 651 2365 hanc
679 2306 822 2366 incertam
852 2314 881 2365 et
906 2305 1052 2366 lubricam
1083 2305 1171 2365 huius
1197 2305 1239 2365 rei
1269 2305 1416 2366 rationem

165 2390 316 2451 neminem
339 2411 434 2471 neque
456 2412 494 2452 ex
515 2391 575 2452 illis
597 2391 747 2454 veteribus
769 2412 864 2472 neque
886 2411 925 2452 ex
946 2392 992 2452 his
1015 2391 1224 2453 recentioribus
1247 2391 1283 2453 de
1306 2392 1363 2456 hac
1384 2412 1415 2452 re

168 2477 360 2556 scriptoribus
378 2483 435 2557 'per
457 2499 558 2539 omnes
580 2487 679 2559 partes
701 2479 788 2558 quasi
810 2479 914 2539 ducem
937 2487 967 2539 et
983 2488 1132 2540 auctorem
1147 2498 1260 2557 sequar,
1284 2479 1335 2538 sed
1349 2499 1415 2538 meo

167 2572 236 2624 utar
256 2564 288 2623 in
317 2564 452 2644 eligendo
485 2565 608 2638 iudicio,
639 2565 947 2644 quantulumcumque
975 2573 1033 2638 est,
1069 2564 1206 2642 idemque
1235 2573 1269 2625 ut
1298 2585 1344 2625 res
1366 2565 1416 2626 vel

166 2649 264 2724 etiam,
287 2650 339 2711 ubi
361 2651 437 2710 nihil
458 2651 605 2726 intererit,
632 2651 725 2712 libido
747 2652 845 2725 feret,
866 2660 931 2711 tum
953 2652 992 2712 ab
1015 2651 1071 2711 hoc
1092 2659 1156 2710 tmn
1179 2650 1290 2711 abillo
1313 2651 1416 2730 aliqua

166 2737 333 2798 mutuabor.
377 2738 588 2817 Discrepantes
611 2746 711 2798 autem
727 2739 901 2818 scriptorum
918 2738 1079 2814 sententias
1092 2746 1157 2797 tum
1179 2738 1298 2797 demum
1312 2737 1418 2799 leviter

165 2823 378 2902 perstringam,
409 2824 462 2885 ubi
488 2825 530 2884 rei
558 2825 651 2904 ipsius
680 2825 843 2885 illustratio
862 2823 1044 2904 postulabit3
1074 2824 1201 2904 denique
1231 2845 1297 2885 cum
1321 2824 1416 2901 Quin·

151 2909 273 2978 ,tiliano
304 2923 366 2970 rem
396 2918 495 2972 tenere
524 2910 648 2972 studebo
676 2911 712 2972 de
739 2911 908 2972 nominibus
937 2932 998 2971 non
1027 2931 1137 2989 magno
1160 2931 1246 2990 opere
1266 2910 1414 2984 laborans,

166 2995 328 3078 plurimum
351 3005 452 3058 autem*
473 3017 579 3077 operae
601 2998 632 3058 in
654 2997 696 3059 eis
718 3018 837 3077 ponam,
860 2999 892 3058 in
915 2997 1023 3078 quibus
1045 2997 1122 3057 inter
1140 2997 1295 3077 plerosque
1307 2997 1415 3058 artium

166 3083 321 3161 scriptores
343 3103 502 3144 consensus
530 3092 575 3144 est
596 3105 779 3165 quorumque
804 3085 942 3146 tractatio
971 3093 1001 3145 et
1022 3104 1092 3144 usus
1116 3085 1155 3144 ad
1177 3084 1364 3144 scribendum
1387 3092 1417 3144 et

166 3169 324 3229 dicendum
347 3170 477 3230 maxime
498 3171 634 3250 pertinet.

269 3257 307 3316 In
337 3277 476 3336 generum
508 3265 606 3318 autem
636 3255 781 3319 divisione
810 3278 844 3318 eo
874 3258 925 3338 qui
955 3279 973 3318 a
1000 3255 1149 3319 veteribus
1171 3255 1297 3318 traditus
1321 3263 1417 3317 estet

69 3417 73 3426 Ι
166 3341 256 3422 vulgo
279 3352 412 3423 receptus
435 3343 536 3404 ordine
559 3353 676 3406 servato
697 3345 827 3424 primum
849 3345 886 3406 de
912 3344 953 3406 eis
975 3343 1093 3404 dicendi
1115 3343 1295 3404 ornamentis
1319 3363 1416 3422 agam,

165 3430 197 3489 in
224 3430 330 3509 quibus
360 3439 484 3510 apparet
512 3429 669 3491 translatio
699 3431 816 3511 aliqua,
847 3430 878 3492 id
907 3439 964 3504 est,
993 3429 1117 3493 verbum
1140 3451 1177 3491 ex
1206 3450 1240 3490 eo
1261 3429 1341 3503 loce,
1365 3429 1417 3489 ubi

165 3517 283 3596 proprie
305 3516 420 3590 dicitur,
442 3517 474 3577 in
496 3538 564 3577 eum
586 3517 762 3578 transfertur
783 3518 889 3592 locum,
912 3517 964 3578 ubi
986 3538 1047 3577 non
1061 3526 1105 3577 est
1118 3516 1277 3596 proprium,
1300 3525 1334 3576 ut
1348 3537 1417 3576 cum

165 3623 219 3681 pro
240 3602 341 3682 gladio
363 3624 464 3664 mucro
486 3603 534 3665 vel
546 3603 702 3665 Vrdcanus
725 3625 778 3684 pro
800 3605 869 3684 igne
891 3603 939 3667 vel
961 3603 1096 3664 malain
1118 3623 1149 3664 re
1171 3602 1293 3682 publica
1320 3602 1417 3663 morbi

166 3689 316 3763 dicuntum
340 3689 420 3770 quod
441 3711 534 3769 genus
558 3711 577 3751 a
598 3689 721 3752 Graecis
744 3683 866 3774 τρόπος
889 3691 990 3753 vocari
1005 3689 1086 3750 solet.
1121 3689 1238 3749 Deinde
1255 3689 1294 3749 ad
1306 3689 1416 3768 figuras

167 3775 321 3850 accedam,
348 3797 425 3856 quae
447 3777 652 3838 exornationes
674 3778 800 3857 propriis
822 3777 920 3840 verbis
942 3776 1150 3848 conficiuntur;
1181 3795 1233 3836 eae
1262 3796 1362 3836 rursus
1384 3776 1417 3834 in

166 3862 225 3921 duo
246 3883 362 3940 genera,
385 3863 415 3923 id
439 3871 490 3936 est,
513 3863 545 3923 in
567 3865 779 3924 sententiarum
802 3874 832 3926 et
854 3864 1010 3926 verborum
1026 3863 1135 3942 figuras
1154 3862 1291 3923 distribui
1311 3861 1415 3924 solent.

166 3948 268 4027 Atque
289 3949 395 4009 harum
419 3970 455 4010 ea
476 3950 552 4010 ratio
575 3971 638 4011 esse
660 3951 775 4025 dicitur,
798 3951 885 4011 utin
907 3949 1005 4012 verbis
1028 3957 1145 4010 tantum
1169 3949 1263 4010 oratio
1284 3949 1328 4009 ita
1350 3969 1417 4009 con·

165 4035 314 4108 formetur,
335 4044 369 4096 ut
391 4036 485 4096 maior
507 4038 655 4115 quaedam
678 4046 731 4098 aut
752 4037 880 4100 varietas
903 4045 1100 4116 consequatur
1116 4043 1168 4096 aut
1188 4036 1274 4108 nitor,
1297 4035 1416 4095 illarum

167 4129 267 4181 autem
289 4122 335 4183 vis
357 4122 389 4181 in
411 4143 445 4183 eo
468 4123 615 4197 consistit,
647 4133 681 4185 ut
710 4125 800 4185 efiam
823 4123 969 4184 sententia
991 4133 1020 4184 et
1042 4123 1128 4202 quasi
1151 4123 1253 4182 anima
1276 4121 1416 4182 orationis

167 4207 330 4269 artificiosis
352 4208 531 4288 quibusdam
552 4210 654 4271 formis
676 4211 792 4271 dicendi
807 4211 987 4272 immutetur.
1033 4210 1226 4287 Quamquam
1240 4229 1307 4268 cum
1321 4208 1416 4269 omnis

166 4294 328 4373 figurarum
346 4304 473 4368 ,ornatus
496 4296 653 4359 elocutioni
668 4305 786 4358 tantum
801 4297 918 4370 serviat,
942 4296 1072 4357 dubitari
1086 4295 1186 4374 possit,
1210 4315 1283 4354 num
1297 4295 1417 4355 omnino

167 4382 380 4442 sententiarum
403 4382 514 4461 figurae
544 4383 746 4444 admittendae
776 4385 845 4449 sint.
890 4383 949 4444 Sed
978 4383 1026 4444 hio
1048 4402 1150 4444 vocem
1173 4383 1335 4442 sententiae
1357 4402 1417 4441 non
