<?xml version="1.0" encoding="UTF-8"?>
<!DOCTYPE html PUBLIC "-//W3C//DTD XHTML 1.0 Transitional//EN"
    "http://www.w3.org/TR/xhtml1/DTD/xhtml1-transitional.dtd">
<html xmlns="http://www.w3.org/1999/xhtml" xml:lang="en" lang="en">
 <head>
  <title>
</title>
<meta http-equiv="Content-Type" content="text/html;charset=utf-8" />
  <meta name='ocr-system' content='tesseract 3.04.00' />
  <meta name='ocr-capabilities' content='ocr_page ocr_carea ocr_par ocr_line ocrx_word'/>
</head>
<body>
  <div class='ocr_page' id='page_1' title='image "./detropisetfigur00stragoog_0112.png"; bbox 0 0 3138 5004; ppageno 0'>
   <div class='ocr_carea' id='block_1_1' title="bbox 704 374 763 432">
    <p class='ocr_par' dir='ltr' id='par_1_1' title="bbox 704 374 763 432">
     <span class='ocr_line' id='line_1_1' title="bbox 704 374 763 432; baseline 0.017 -2"><span class='ocrx_word' id='word_1_1' title='bbox 704 374 763 432; x_wconf 91' lang='grc'>101</span> 
     </span>
    </p>
   </div>
   <div class='ocr_carea' id='block_1_2' title="bbox 65 575 1365 2298">
    <p class='ocr_par' dir='ltr' id='par_1_2' title="bbox 65 575 1365 2298">
     <span class='ocr_line' id='line_1_2' title="bbox 105 575 1362 657; baseline -0.001 -17"><span class='ocrx_word' id='word_1_2' title='bbox 105 580 152 642; x_wconf 93' lang='grc' dir='ltr'>Η.</span> <span class='ocrx_word' id='word_1_3' title='bbox 179 583 229 653; x_wconf 93' lang='grc'>20,</span> <span class='ocrx_word' id='word_1_4' title='bbox 251 576 323 639; x_wconf 92' lang='lat' dir='ltr'>Isid.</span> <span class='ocrx_word' id='word_1_5' title='bbox 350 580 422 640; x_wconf 89' lang='lat'>520.</span> <span class='ocrx_word' id='word_1_6' title='bbox 467 576 506 636; x_wconf 94' lang='lat' dir='ltr'>In</span> <span class='ocrx_word' id='word_1_7' title='bbox 526 576 594 656; x_wconf 82' lang='lat' dir='ltr'>figg.</span> <span class='ocrx_word' id='word_1_8' title='bbox 617 575 786 637; x_wconf 89' lang='lat' dir='ltr'>habendam</span> <span class='ocrx_word' id='word_1_9' title='bbox 809 597 872 638; x_wconf 91' lang='lat' dir='ltr'>esse</span> <span class='ocrx_word' id='word_1_10' title='bbox 893 576 1115 657; x_wconf 83' lang='lat' dir='ltr'>permissionem</span> <span class='ocrx_word' id='word_1_11' title='bbox 1138 585 1211 657; x_wconf 91' lang='lat' dir='ltr'>puto</span> <span class='ocrx_word' id='word_1_12' title='bbox 1233 578 1271 639; x_wconf 94' lang='lat' dir='ltr'>ob</span> <span class='ocrx_word' id='word_1_13' title='bbox 1294 599 1362 639; x_wconf 90' lang='lat' dir='ltr'>eam</span> 
     </span>
     <span class='ocr_line' id='line_1_3' title="bbox 65 663 1364 744; baseline -0.002 -16"><span class='ocrx_word' id='word_1_14' title='bbox 65 669 67 676; x_wconf 78' lang='grc'>’</span> <span class='ocrx_word' id='word_1_15' title='bbox 106 686 240 740; x_wconf 88' lang='lat' dir='ltr'>causam,</span> <span class='ocrx_word' id='word_1_16' title='bbox 262 663 342 744; x_wconf 91' lang='lat' dir='ltr'>quod</span> <span class='ocrx_word' id='word_1_17' title='bbox 364 663 395 723; x_wconf 92' lang='lat' dir='ltr'>in</span> <span class='ocrx_word' id='word_1_18' title='bbox 417 683 453 724; x_wconf 90' lang='lat' dir='ltr'>ea</span> <span class='ocrx_word' id='word_1_19' title='bbox 475 683 535 724; x_wconf 90' lang='lat' dir='ltr'>non</span> <span class='ocrx_word' id='word_1_20' title='bbox 561 671 747 724; x_wconf 77' lang='lat' dir='ltr'>asseveratur</span> <span class='ocrx_word' id='word_1_21' title='bbox 768 663 857 743; x_wconf 91' lang='lat' dir='ltr'>idque</span> <span class='ocrx_word' id='word_1_22' title='bbox 878 672 996 725; x_wconf 90' lang='lat' dir='ltr'>tantum</span> <span class='ocrx_word' id='word_1_23' title='bbox 1008 663 1185 738; x_wconf 87' lang='lat' dir='ltr'>conceditur,</span> <span class='ocrx_word' id='word_1_24' title='bbox 1208 664 1288 743; x_wconf 95' lang='lat' dir='ltr'>quod</span> <span class='ocrx_word' id='word_1_25' title='bbox 1311 664 1364 726; x_wconf 90' lang='lat' dir='ltr'>ad·</span> 
     </span>
     <span class='ocr_line' id='line_1_4' title="bbox 105 748 1362 830; baseline -0.004 -15"><span class='ocrx_word' id='word_1_26' title='bbox 105 751 233 815; x_wconf 78' lang='lat' dir='ltr'>versarii</span> <span class='ocrx_word' id='word_1_27' title='bbox 255 771 365 812; x_wconf 87' lang='lat' dir='ltr'>causae</span> <span class='ocrx_word' id='word_1_28' title='bbox 387 759 441 811; x_wconf 90' lang='lat' dir='ltr'>aut</span> <span class='ocrx_word' id='word_1_29' title='bbox 461 748 537 808; x_wconf 89' lang='lat' dir='ltr'>nihil</span> <span class='ocrx_word' id='word_1_30' title='bbox 559 749 653 828; x_wconf 90' lang='lat' dir='ltr'>prosit</span> <span class='ocrx_word' id='word_1_31' title='bbox 674 757 727 810; x_wconf 89' lang='lat' dir='ltr'>aut</span> <span class='ocrx_word' id='word_1_32' title='bbox 749 749 838 821; x_wconf 88' lang='lat' dir='ltr'>etiam</span> <span class='ocrx_word' id='word_1_33' title='bbox 862 750 954 823; x_wconf 90' lang='lat' dir='ltr'>obsit,</span> <span class='ocrx_word' id='word_1_34' title='bbox 987 749 1078 811; x_wconf 90' lang='lat' dir='ltr'>immo</span> <span class='ocrx_word' id='word_1_35' title='bbox 1100 750 1362 830; x_wconf 84' lang='lat' dir='ltr'>amplificationem</span> 
     </span>
     <span class='ocr_line' id='line_1_5' title="bbox 106 835 1365 919; baseline -0.002 -19"><span class='ocrx_word' id='word_1_36' title='bbox 106 859 198 919; x_wconf 89' lang='lat' dir='ltr'>saepe</span> <span class='ocrx_word' id='word_1_37' title='bbox 218 837 312 898; x_wconf 90' lang='lat' dir='ltr'>habet</span> <span class='ocrx_word' id='word_1_38' title='bbox 340 836 412 898; x_wconf 89' lang='lat' dir='ltr'>talis</span> <span class='ocrx_word' id='word_1_39' title='bbox 433 835 526 910; x_wconf 89' lang='lat' dir='ltr'>ratio,</span> <span class='ocrx_word' id='word_1_40' title='bbox 559 856 628 896; x_wconf 88' lang='lat' dir='ltr'>cum</span> <span class='ocrx_word' id='word_1_41' title='bbox 650 835 764 915; x_wconf 92' lang='lat' dir='ltr'>aliquid</span> <span class='ocrx_word' id='word_1_42' title='bbox 791 835 993 910; x_wconf 82' lang='lat' dir='ltr'>concedimus,</span> <span class='ocrx_word' id='word_1_43' title='bbox 1027 845 1062 898; x_wconf 92' lang='lat' dir='ltr'>ut</span> <span class='ocrx_word' id='word_1_44' title='bbox 1083 836 1166 897; x_wconf 92' lang='lat' dir='ltr'>aliud</span> <span class='ocrx_word' id='word_1_45' title='bbox 1201 857 1236 898; x_wconf 95' lang='lat' dir='ltr'>eo</span> <span class='ocrx_word' id='word_1_46' title='bbox 1265 837 1365 916; x_wconf 78' lang='lat' dir='ltr'>magia</span> 
     </span>
     <span class='ocr_line' id='line_1_6' title="bbox 105 919 1362 1006; baseline -0.001 -21"><span class='ocrx_word' id='word_1_47' title='bbox 105 944 279 1006; x_wconf 88' lang='lat' dir='ltr'>premamus</span> <span class='ocrx_word' id='word_1_48' title='bbox 302 932 332 984; x_wconf 91' lang='lat' dir='ltr'>et</span> <span class='ocrx_word' id='word_1_49' title='bbox 350 942 524 1002; x_wconf 86' lang='lat' dir='ltr'>augeamus.</span> <span class='ocrx_word' id='word_1_50' title='bbox 569 920 693 1002; x_wconf 83' lang='lat' dir='ltr'>Kleutg.</span> <span class='ocrx_word' id='word_1_51' title='bbox 723 921 764 1004; x_wconf 88' lang='lat' dir='ltr'>(p.</span> <span class='ocrx_word' id='word_1_52' title='bbox 796 921 849 1005; x_wconf 82' lang='grc'>75)</span> <span class='ocrx_word' id='word_1_53' title='bbox 872 922 958 985; x_wconf 88' lang='lat' dir='ltr'>dicit:</span> <span class='ocrx_word' id='word_1_54' title='bbox 990 919 1058 982; x_wconf 70' lang='lat' dir='ltr'>Vim</span> <span class='ocrx_word' id='word_1_55' title='bbox 1081 921 1241 985; x_wconf 75' lang='lat' dir='ltr'>concessio</span> <span class='ocrx_word' id='word_1_56' title='bbox 1269 920 1362 984; x_wconf 77' lang='lat' dir='ltr'>tabet</span> 
     </span>
     <span class='ocr_line' id='line_1_7' title="bbox 106 1005 1364 1093; baseline 0 -21"><span class='ocrx_word' id='word_1_57' title='bbox 106 1007 201 1085; x_wconf 80' lang='lat' dir='ltr'>inde,</span> <span class='ocrx_word' id='word_1_58' title='bbox 231 1005 317 1092; x_wconf 82' lang='lat' dir='ltr'>quod</span> <span class='ocrx_word' id='word_1_59' title='bbox 341 1029 492 1093; x_wconf 69' lang='lat' dir='ltr'>trapeam</span> <span class='ocrx_word' id='word_1_60' title='bbox 515 1028 634 1070; x_wconf 81' lang='lat' dir='ltr'>causae</span> <span class='ocrx_word' id='word_1_61' title='bbox 663 1008 815 1076; x_wconf 70' lang='lat' dir='ltr'>fiduciam</span> <span class='ocrx_word' id='word_1_62' title='bbox 844 1005 993 1084; x_wconf 78' lang='lat' dir='ltr'>ostendit,</span> <span class='ocrx_word' id='word_1_63' title='bbox 1023 1008 1161 1089; x_wconf 90' lang='lat' dir='ltr'>idemque</span> <span class='ocrx_word' id='word_1_64' title='bbox 1187 1009 1278 1071; x_wconf 88' lang='lat' dir='ltr'>etiam</span> <span class='ocrx_word' id='word_1_65' title='bbox 1300 1009 1364 1072; x_wconf 86' lang='lat' dir='ltr'>Cic.</span> 
     </span>
     <span class='ocr_line' id='line_1_8' title="bbox 104 1093 1364 1176; baseline -0.003 -16"><span class='ocrx_word' id='word_1_66' title='bbox 104 1099 196 1160; x_wconf 85' lang='lat' dir='ltr'>Rosc.</span> <span class='ocrx_word' id='word_1_67' title='bbox 218 1096 258 1159; x_wconf 87' lang='lat' dir='ltr'>A.</span> <span class='ocrx_word' id='word_1_68' title='bbox 282 1101 321 1159; x_wconf 81' lang='grc'>37</span> <span class='ocrx_word' id='word_1_69' title='bbox 347 1116 410 1175; x_wconf 92' lang='lat' dir='ltr'>sqq.</span> <span class='ocrx_word' id='word_1_70' title='bbox 432 1094 491 1156; x_wconf 90' lang='lat' dir='ltr'>hue</span> <span class='ocrx_word' id='word_1_71' title='bbox 513 1093 609 1168; x_wconf 82' lang='lat' dir='ltr'>refert,</span> <span class='ocrx_word' id='word_1_72' title='bbox 631 1093 684 1155; x_wconf 92' lang='lat' dir='ltr'>ubi</span> <span class='ocrx_word' id='word_1_73' title='bbox 706 1095 817 1155; x_wconf 86' lang='lat' dir='ltr'>crimen</span> <span class='ocrx_word' id='word_1_74' title='bbox 839 1094 991 1175; x_wconf 90' lang='lat' dir='ltr'>parricidii</span> <span class='ocrx_word' id='word_1_75' title='bbox 1012 1094 1202 1157; x_wconf 89' lang='lat' dir='ltr'>vehementer</span> <span class='ocrx_word' id='word_1_76' title='bbox 1229 1104 1364 1176; x_wconf 85' lang='lat' dir='ltr'>augetur,</span> 
     </span>
     <span class='ocr_line' id='line_1_9' title="bbox 104 1180 1360 1263; baseline -0.001 -16"><span class='ocrx_word' id='word_1_77' title='bbox 104 1194 140 1247; x_wconf 90' lang='lat' dir='ltr'>ut</span> <span class='ocrx_word' id='word_1_78' title='bbox 161 1185 201 1245; x_wconf 86' lang='lat' dir='ltr'>R.</span> <span class='ocrx_word' id='word_1_79' title='bbox 223 1182 317 1263; x_wconf 86' lang='lat' dir='ltr'>ipsius</span> <span class='ocrx_word' id='word_1_80' title='bbox 339 1181 469 1244; x_wconf 89' lang='lat' dir='ltr'>criminis</span> <span class='ocrx_word' id='word_1_81' title='bbox 492 1180 646 1242; x_wconf 76' lang='lat' dir='ltr'>atrocitate</span> <span class='ocrx_word' id='word_1_82' title='bbox 668 1180 851 1243; x_wconf 84' lang='lat' dir='ltr'>defendatur.</span> <span class='ocrx_word' id='word_1_83' title='bbox 894 1181 1059 1261; x_wconf 89' lang='lat' dir='ltr'>Praecipue</span> <span class='ocrx_word' id='word_1_84' title='bbox 1081 1190 1182 1243; x_wconf 89' lang='lat' dir='ltr'>autem</span> <span class='ocrx_word' id='word_1_85' title='bbox 1203 1182 1278 1244; x_wconf 91' lang='lat' dir='ltr'>haee</span> <span class='ocrx_word' id='word_1_86' title='bbox 1310 1182 1360 1263; x_wconf 84' lang='lat' dir='ltr'>fig.</span> 
     </span>
     <span class='ocr_line' id='line_1_10' title="bbox 106 1266 1365 1352; baseline -0.001 -20"><span class='ocrx_word' id='word_1_87' title='bbox 106 1279 183 1352; x_wconf 87' lang='lat' dir='ltr'>apta</span> <span class='ocrx_word' id='word_1_88' title='bbox 210 1269 329 1332; x_wconf 87' lang='lat' dir='ltr'>videtur</span> <span class='ocrx_word' id='word_1_89' title='bbox 361 1269 401 1330; x_wconf 90' lang='lat' dir='ltr'>ad</span> <span class='ocrx_word' id='word_1_90' title='bbox 430 1266 661 1328; x_wconf 89' lang='lat' dir='ltr'>misericordiam</span> <span class='ocrx_word' id='word_1_91' title='bbox 689 1267 949 1341; x_wconf 89' lang='lat' dir='ltr'>commovendam,</span> <span class='ocrx_word' id='word_1_92' title='bbox 979 1276 1013 1328; x_wconf 90' lang='lat' dir='ltr'>ut</span> <span class='ocrx_word' id='word_1_93' title='bbox 1034 1267 1095 1330; x_wconf 79' lang='lat' dir='ltr'>Cic.</span> <span class='ocrx_word' id='word_1_94' title='bbox 1117 1269 1204 1330; x_wconf 84' lang='lat' dir='ltr'>Rosc.</span> <span class='ocrx_word' id='word_1_95' title='bbox 1226 1268 1266 1330; x_wconf 90' lang='lat' dir='ltr'>A.</span> <span class='ocrx_word' id='word_1_96' title='bbox 1290 1274 1365 1344; x_wconf 85' lang='lat'>145,</span> 
     </span>
     <span class='ocr_line' id='line_1_11' title="bbox 106 1349 1362 1437; baseline -0.003 -18"><span class='ocrx_word' id='word_1_97' title='bbox 106 1352 246 1420; x_wconf 77' lang='lat' dir='ltr'>concedo</span> <span class='ocrx_word' id='word_1_98' title='bbox 271 1391 308 1400; x_wconf 89' lang='lat'>—</span> <span class='ocrx_word' id='word_1_99' title='bbox 331 1353 404 1430; x_wconf 77' lang='lat' dir='ltr'>fero</span> <span class='ocrx_word' id='word_1_100' title='bbox 426 1390 467 1400; x_wconf 90' lang='lat'>-—</span> <span class='ocrx_word' id='word_1_101' title='bbox 491 1351 599 1435; x_wconf 77' lang='lat' dir='ltr'>potior</span> <span class='ocrx_word' id='word_1_102' title='bbox 630 1363 658 1413; x_wconf 92' lang='lat' dir='ltr'>et</span> <span class='ocrx_word' id='word_1_103' title='bbox 677 1349 849 1431; x_wconf 71' lang='lat' dir='ltr'>ferendum</span> <span class='ocrx_word' id='word_1_104' title='bbox 872 1363 957 1434; x_wconf 81' lang='lat' dir='ltr'>pato,</span> <span class='ocrx_word' id='word_1_105' title='bbox 1005 1351 1093 1430; x_wconf 76' lang='lat' dir='ltr'>Quid</span> <span class='ocrx_word' id='word_1_106' title='bbox 1122 1354 1171 1416; x_wconf 79' lang='lat' dir='ltr'>via</span> <span class='ocrx_word' id='word_1_107' title='bbox 1195 1352 1362 1437; x_wconf 79' lang='lat' dir='ltr'>amplius?</span> 
     </span>
     <span class='ocr_line' id='line_1_12' title="bbox 105 1438 1363 1523; baseline -0.005 -17"><span class='ocrx_word' id='word_1_108' title='bbox 105 1443 213 1506; x_wconf 85' lang='lat' dir='ltr'>Etiam</span> <span class='ocrx_word' id='word_1_109' title='bbox 235 1440 324 1502; x_wconf 90' lang='lat' dir='ltr'>huius</span> <span class='ocrx_word' id='word_1_110' title='bbox 346 1463 385 1504; x_wconf 91' lang='lat' dir='ltr'>m.</span> <span class='ocrx_word' id='word_1_111' title='bbox 397 1439 536 1520; x_wconf 86' lang='lat' dir='ltr'>exempla</span> <span class='ocrx_word' id='word_1_112' title='bbox 557 1441 616 1501; x_wconf 92' lang='lat' dir='ltr'>huc</span> <span class='ocrx_word' id='word_1_113' title='bbox 638 1439 818 1501; x_wconf 80' lang='lat' dir='ltr'>refenmtur:</span> <span class='ocrx_word' id='word_1_114' title='bbox 842 1440 933 1520; x_wconf 88' lang='lat' dir='ltr'>Verg.</span> <span class='ocrx_word' id='word_1_115' title='bbox 944 1440 1022 1501; x_wconf 89' lang='lat' dir='ltr'>Aen.</span> <span class='ocrx_word' id='word_1_116' title='bbox 1045 1445 1074 1515; x_wconf 90' lang='grc'>4,</span> <span class='ocrx_word' id='word_1_117' title='bbox 1098 1445 1159 1504; x_wconf 89' lang='grc'>381</span> <span class='ocrx_word' id='word_1_118' title='bbox 1183 1438 1209 1516; x_wconf 92' lang='lat' dir='ltr'>I,</span> <span class='ocrx_word' id='word_1_119' title='bbox 1233 1460 1363 1523; x_wconf 76' lang='lat' dir='ltr'>sequere</span> 
     </span>
     <span class='ocr_line' id='line_1_13' title="bbox 106 1522 1364 1632; baseline -0.002 -41"><span class='ocrx_word' id='word_1_120' title='bbox 106 1525 243 1592; x_wconf 82' lang='lat' dir='ltr'>Italiam</span> <span class='ocrx_word' id='word_1_121' title='bbox 266 1527 374 1603; x_wconf 81' lang='lat' dir='ltr'>veotz’s,</span> <span class='ocrx_word' id='word_1_122' title='bbox 394 1537 466 1609; x_wconf 81' lang='lat' dir='ltr'>pete</span> <span class='ocrx_word' id='word_1_123' title='bbox 488 1546 589 1632; x_wconf 64' lang='lat' dir='ltr'>repca</span> <span class='ocrx_word' id='word_1_124' title='bbox 610 1546 671 1609; x_wconf 83' lang='lat' dir='ltr'>per</span> <span class='ocrx_word' id='word_1_125' title='bbox 694 1522 803 1624; x_wconf 66' lang='lat' dir='ltr'>credes</span> <span class='ocrx_word' id='word_1_126' title='bbox 826 1525 873 1605; x_wconf 83' lang='lat' dir='ltr'>(cf.</span> <span class='ocrx_word' id='word_1_127' title='bbox 896 1525 1004 1606; x_wconf 85' lang='lat' dir='ltr'>Georg.</span> <span class='ocrx_word' id='word_1_128' title='bbox 1028 1531 1061 1601; x_wconf 88' lang='grc'>4,</span> <span class='ocrx_word' id='word_1_129' title='bbox 1086 1525 1171 1611; x_wconf 87' lang='grc'><strong>329).</strong></span> <span class='ocrx_word' id='word_1_130' title='bbox 1214 1527 1301 1589; x_wconf 93' lang='lat' dir='ltr'>Dem.</span> <span class='ocrx_word' id='word_1_131' title='bbox 1325 1548 1364 1588; x_wconf 83' lang='lat' dir='ltr'>ex</span> 
     </span>
     <span class='ocr_line' id='line_1_14' title="bbox 105 1601 1365 1698; baseline -0.002 -21"><span class='ocrx_word' id='word_1_132' title='bbox 105 1618 164 1678; x_wconf 88' lang='lat' dir='ltr'>hoc</span> <span class='ocrx_word' id='word_1_133' title='bbox 187 1637 216 1697; x_wconf 84' lang='lat' dir='ltr'>g.</span> <span class='ocrx_word' id='word_1_134' title='bbox 237 1614 330 1676; x_wconf 90' lang='lat' dir='ltr'>habet</span> <span class='ocrx_word' id='word_1_135' title='bbox 349 1614 441 1689; x_wconf 87' lang='lat' dir='ltr'>VIII,</span> <span class='ocrx_word' id='word_1_136' title='bbox 464 1619 505 1678; x_wconf 89' lang='grc'>49</span> <span class='ocrx_word' id='word_1_137' title='bbox 522 1608 617 1686; x_wconf 69' lang='lat' dir='ltr'>ebrio,</span> <span class='ocrx_word' id='word_1_138' title='bbox 639 1604 684 1698; x_wconf 76' lang='grc' dir='ltr'><em>μή</em></span> <span class='ocrx_word' id='word_1_139' title='bbox 703 1603 877 1691; x_wconf 69' lang='grc' dir='ltr'>όμυνεοθε,</span> <span class='ocrx_word' id='word_1_140' title='bbox 901 1604 1035 1678; x_wconf 78' lang='grc' dir='ltr'><strong><em>ἅπαντα</em></strong></span> <span class='ocrx_word' id='word_1_141' title='bbox 1052 1601 1213 1697; x_wconf 72' lang='grc' dir='ltr'><strong>πρόεσθε,</strong></span> <span class='ocrx_word' id='word_1_142' title='bbox 1235 1614 1365 1688; x_wconf 80' lang='lat' dir='ltr'>XVIII,</span> 
     </span>
     <span class='ocr_line' id='line_1_15' title="bbox 107 1689 1363 1781; baseline -0.004 -16"><span class='ocrx_word' id='word_1_143' title='bbox 107 1707 173 1766; x_wconf 87' lang='grc'>246</span> <span class='ocrx_word' id='word_1_144' title='bbox 198 1700 311 1766; x_wconf 78' lang='grc' dir='ltr'><strong><em>πᾶσαν</em></strong></span> <span class='ocrx_word' id='word_1_145' title='bbox 333 1695 483 1781; x_wconf 80' lang='grc' dir='ltr'><strong><em>ἐξέτασιν</em></strong></span> <span class='ocrx_word' id='word_1_146' title='bbox 505 1689 663 1780; x_wconf 71' lang='grc' dir='ltr'><em>λάμβανε·</em></span> <span class='ocrx_word' id='word_1_147' title='bbox 687 1691 724 1764; x_wconf 77' lang='lat' dir='ltr'>od</span> <span class='ocrx_word' id='word_1_148' title='bbox 748 1699 989 1780; x_wconf 67' lang='grc' dir='ltr'><strong><em>παραιτοῦμαι·</em></strong></span> <span class='ocrx_word' id='word_1_149' title='bbox 1011 1700 1186 1780; x_wconf 90' lang='lat' dir='ltr'>plerumque</span> <span class='ocrx_word' id='word_1_150' title='bbox 1207 1699 1277 1760; x_wconf 88' lang='lat' dir='ltr'>talis</span> <span class='ocrx_word' id='word_1_151' title='bbox 1293 1720 1363 1761; x_wconf 88' lang='lat' dir='ltr'>con·</span> 
     </span>
     <span class='ocr_line' id='line_1_16' title="bbox 107 1775 1363 1871; baseline -0.002 -19"><span class='ocrx_word' id='word_1_152' title='bbox 107 1789 202 1852; x_wconf 85' lang='lat' dir='ltr'>cessio</span> <span class='ocrx_word' id='word_1_153' title='bbox 226 1787 470 1849; x_wconf 86' lang='lat' dir='ltr'>condicionaliter</span> <span class='ocrx_word' id='word_1_154' title='bbox 492 1787 626 1858; x_wconf 85' lang='lat' dir='ltr'>effertur,</span> <span class='ocrx_word' id='word_1_155' title='bbox 648 1794 683 1847; x_wconf 93' lang='lat' dir='ltr'>ut</span> <span class='ocrx_word' id='word_1_156' title='bbox 702 1785 836 1862; x_wconf 91' lang='lat' dir='ltr'>XVIII,</span> <span class='ocrx_word' id='word_1_157' title='bbox 863 1791 902 1849; x_wconf 93' lang='lat'>10</span> <span class='ocrx_word' id='word_1_158' title='bbox 925 1782 1011 1868; x_wconf 77' lang='grc' dir='ltr'>μηδὲ</span> <span class='ocrx_word' id='word_1_159' title='bbox 1034 1780 1145 1871; x_wconf 76' lang='grc' dir='ltr'><em>φωνήν</em></span> <span class='ocrx_word' id='word_1_160' title='bbox 1169 1775 1363 1870; x_wconf 72' lang='grc' dir='ltr'><em>ἀνάσχησθε</em></span> 
     </span>
     <span class='ocr_line' id='line_1_17' title="bbox 108 1871 1365 1952; baseline -0.005 -11"><span class='ocrx_word' id='word_1_161' title='bbox 108 1873 183 1940; x_wconf 76' lang='lat' dir='ltr'>urci.</span> <span class='ocrx_word' id='word_1_162' title='bbox 200 1873 237 1936; x_wconf 85' lang='lat' dir='ltr'>cf.</span> <span class='ocrx_word' id='word_1_163' title='bbox 251 1874 291 1936; x_wconf 91' lang='lat' dir='ltr'>ib.</span> <span class='ocrx_word' id='word_1_164' title='bbox 310 1879 380 1948; x_wconf 87' lang='grc'><strong>139,</strong></span> <span class='ocrx_word' id='word_1_165' title='bbox 394 1878 465 1947; x_wconf 82' lang='lat'>270,</span> <span class='ocrx_word' id='word_1_166' title='bbox 475 1873 568 1946; x_wconf 90' lang='lat' dir='ltr'>XIX,</span> <span class='ocrx_word' id='word_1_167' title='bbox 584 1876 655 1946; x_wconf 87' lang='grc'>332,</span> <span class='ocrx_word' id='word_1_168' title='bbox 673 1877 753 1944; x_wconf 83' lang='grc'>278;</span> <span class='ocrx_word' id='word_1_169' title='bbox 777 1871 972 1934; x_wconf 86' lang='lat' dir='ltr'>Ciceroniana</span> <span class='ocrx_word' id='word_1_170' title='bbox 983 1881 1054 1933; x_wconf 89' lang='lat' dir='ltr'>sunt</span> <span class='ocrx_word' id='word_1_171' title='bbox 1071 1872 1210 1952; x_wconf 89' lang='lat' dir='ltr'>exempla</span> <span class='ocrx_word' id='word_1_172' title='bbox 1221 1872 1261 1934; x_wconf 91' lang='lat' dir='ltr'>V.</span> <span class='ocrx_word' id='word_1_173' title='bbox 1277 1877 1305 1948; x_wconf 89' lang='grc'>4,</span> <span class='ocrx_word' id='word_1_174' title='bbox 1322 1878 1365 1936; x_wconf 95' lang='grc'><strong>18</strong></span> 
     </span>
     <span class='ocr_line' id='line_1_18' title="bbox 110 1955 1360 2042; baseline -0.004 -19"><span class='ocrx_word' id='word_1_175' title='bbox 110 1961 171 2025; x_wconf 71' lang='lat' dir='ltr'>aba·</span> <span class='ocrx_word' id='word_1_176' title='bbox 189 1958 266 2022; x_wconf 78' lang='lat' dir='ltr'>habe</span> <span class='ocrx_word' id='word_1_177' title='bbox 289 1955 494 2042; x_wconf 77' lang='lat' dir='ltr'>canephoros,</span> <span class='ocrx_word' id='word_1_178' title='bbox 516 1958 536 2020; x_wconf 88' lang='lat' dir='ltr'>l.</span> <span class='ocrx_word' id='word_1_179' title='bbox 559 1979 586 2020; x_wconf 91' lang='lat' dir='ltr'>a.</span> <span class='ocrx_word' id='word_1_180' title='bbox 610 1959 635 2032; x_wconf 93' lang='grc' dir='ltr'><strong>Ι,</strong></span> <span class='ocrx_word' id='word_1_181' title='bbox 660 1962 678 2020; x_wconf 92' lang='lat'>3</span> <span class='ocrx_word' id='word_1_182' title='bbox 701 1977 851 2020; x_wconf 76' lang='lat' dir='ltr'>consume</span> <span class='ocrx_word' id='word_1_183' title='bbox 873 1979 953 2019; x_wconf 78' lang='lat' dir='ltr'>aene</span> <span class='ocrx_word' id='word_1_184' title='bbox 976 1955 1065 2042; x_wconf 79' lang='lat' dir='ltr'>quod</span> <span class='ocrx_word' id='word_1_185' title='bbox 1083 1955 1360 2036; x_wconf 30' lang='lat' dir='ltr'>cotnmodumteat,</span> 
     </span>
     <span class='ocr_line' id='line_1_19' title="bbox 108 2042 1365 2126; baseline -0.001 -16"><span class='ocrx_word' id='word_1_186' title='bbox 108 2049 212 2111; x_wconf 88' lang='lat' dir='ltr'>Flace.</span> <span class='ocrx_word' id='word_1_187' title='bbox 238 2052 278 2110; x_wconf 89' lang='grc'>96</span> <span class='ocrx_word' id='word_1_188' title='bbox 302 2043 447 2108; x_wconf 81' lang='lat' dir='ltr'>Litemuc</span> <span class='ocrx_word' id='word_1_189' title='bbox 471 2042 608 2107; x_wconf 78' lang='lat' dir='ltr'>Lentulo</span> <span class='ocrx_word' id='word_1_190' title='bbox 630 2053 684 2107; x_wconf 89' lang='lat' dir='ltr'>ete.</span> <span class='ocrx_word' id='word_1_191' title='bbox 709 2044 747 2110; x_wconf 88' lang='lat' dir='ltr'>cf.</span> <span class='ocrx_word' id='word_1_192' title='bbox 769 2045 857 2106; x_wconf 88' lang='lat' dir='ltr'>Rosc.</span> <span class='ocrx_word' id='word_1_193' title='bbox 881 2043 918 2108; x_wconf 91' lang='lat' dir='ltr'>A.</span> <span class='ocrx_word' id='word_1_194' title='bbox 953 2051 986 2118; x_wconf 89' lang='grc'>8;</span> <span class='ocrx_word' id='word_1_195' title='bbox 1010 2050 1064 2126; x_wconf 80' lang='lat'>183</span> <span class='ocrx_word' id='word_1_196' title='bbox 1087 2045 1126 2107; x_wconf 91' lang='lat' dir='ltr'>V.</span> <span class='ocrx_word' id='word_1_197' title='bbox 1158 2051 1273 2120; x_wconf 85' lang='lat'>2,17;</span> <span class='ocrx_word' id='word_1_198' title='bbox 1304 2050 1365 2120; x_wconf 83' lang='lat'>46;</span> 
     </span>
     <span class='ocr_line' id='line_1_20' title="bbox 111 2131 1365 2210; baseline -0.005 -10"><span class='ocrx_word' id='word_1_199' title='bbox 111 2141 191 2208; x_wconf 80' lang='lat'>1093</span> <span class='ocrx_word' id='word_1_200' title='bbox 217 2137 390 2206; x_wconf 87' lang='grc'><strong>150;139;</strong></span> <span class='ocrx_word' id='word_1_201' title='bbox 413 2137 442 2207; x_wconf 90' lang='lat'>4,</span> <span class='ocrx_word' id='word_1_202' title='bbox 467 2138 523 2205; x_wconf 92' lang='grc'><strong>19;</strong></span> <span class='ocrx_word' id='word_1_203' title='bbox 549 2136 612 2193; x_wconf 90' lang='grc'><strong>150</strong></span> <span class='ocrx_word' id='word_1_204' title='bbox 624 2151 668 2210; x_wconf 89' lang='lat' dir='ltr'>sq.</span> <span class='ocrx_word' id='word_1_205' title='bbox 693 2137 815 2206; x_wconf 81' lang='lat'>5,117;</span> <span class='ocrx_word' id='word_1_206' title='bbox 840 2136 963 2205; x_wconf 84' lang='grc'><strong>3,173;</strong></span> <span class='ocrx_word' id='word_1_207' title='bbox 987 2136 1046 2206; x_wconf 90' lang='grc'>41;</span> <span class='ocrx_word' id='word_1_208' title='bbox 1063 2137 1140 2204; x_wconf 91' lang='grc'><strong>219;</strong></span> <span class='ocrx_word' id='word_1_209' title='bbox 1166 2137 1204 2194; x_wconf 83' lang='grc'><strong>71</strong></span> <span class='ocrx_word' id='word_1_210' title='bbox 1215 2154 1222 2206; x_wconf 91' lang='grc'><strong>;</strong></span> <span class='ocrx_word' id='word_1_211' title='bbox 1245 2131 1365 2194; x_wconf 82' lang='lat' dir='ltr'>Cluent</span> 
     </span>
     <span class='ocr_line' id='line_1_21' title="bbox 113 2217 1155 2298; baseline -0.008 -11"><span class='ocrx_word' id='word_1_212' title='bbox 113 2227 172 2294; x_wconf 80' lang='lat'>653</span> <span class='ocrx_word' id='word_1_213' title='bbox 194 2220 259 2284; x_wconf 85' lang='lat' dir='ltr'>Cat.</span> <span class='ocrx_word' id='word_1_214' title='bbox 283 2220 309 2294; x_wconf 94' lang='grc' dir='ltr'><strong>Ι,</strong></span> <span class='ocrx_word' id='word_1_215' title='bbox 334 2224 389 2293; x_wconf 91' lang='grc'><strong>10;</strong></span> <span class='ocrx_word' id='word_1_216' title='bbox 412 2219 491 2282; x_wconf 92' lang='lat' dir='ltr'>dom.</span> <span class='ocrx_word' id='word_1_217' title='bbox 514 2223 564 2280; x_wconf 81' lang='lat'>47.</span> <span class='ocrx_word' id='word_1_218' title='bbox 594 2217 794 2279; x_wconf 87' lang='lat' dir='ltr'>Transeamus</span> <span class='ocrx_word' id='word_1_219' title='bbox 817 2218 857 2278; x_wconf 93' lang='lat' dir='ltr'>ad</span> <span class='ocrx_word' id='word_1_220' title='bbox 879 2217 971 2279; x_wconf 86' lang='lat' dir='ltr'>aliam</span> <span class='ocrx_word' id='word_1_221' title='bbox 992 2218 1054 2298; x_wconf 84' lang='lat' dir='ltr'>fig,</span> <span class='ocrx_word' id='word_1_222' title='bbox 1077 2238 1155 2298; x_wconf 91' lang='lat' dir='ltr'>quae</span> 
     </span>
    </p>
   </div>
   <div class='ocr_carea' id='block_1_3' title="bbox 616 2458 859 2551">
    <p class='ocr_par' dir='ltr' id='par_1_3' title="bbox 616 2458 859 2551">
     <span class='ocr_line' id='line_1_22' title="bbox 616 2458 859 2551; baseline 0.004 -2"><span class='ocrx_word' id='word_1_223' title='bbox 616 2458 859 2551; x_wconf 74' lang='lat' dir='ltr'>PraecIsio</span> 
     </span>
    </p>
   </div>
   <div class='ocr_carea' id='block_1_4' title="bbox 103 2641 1370 4036">
    <p class='ocr_par' dir='ltr' id='par_1_4' title="bbox 103 2641 1370 4036">
     <span class='ocr_line' id='line_1_23' title="bbox 108 2641 1367 2735; baseline -0.001 -20"><span class='ocrx_word' id='word_1_224' title='bbox 108 2655 175 2717; x_wconf 90' lang='lat' dir='ltr'>sive</span> <span class='ocrx_word' id='word_1_225' title='bbox 197 2641 435 2735; x_wconf 77' lang='grc' dir='ltr'><em>ἀποσιώπησις</em></span> <span class='ocrx_word' id='word_1_226' title='bbox 455 2659 581 2715; x_wconf 90' lang='lat' dir='ltr'>vocatur</span> <span class='ocrx_word' id='word_1_227' title='bbox 601 2661 631 2714; x_wconf 89' lang='lat' dir='ltr'>et</span> <span class='ocrx_word' id='word_1_228' title='bbox 653 2674 672 2714; x_wconf 92' lang='lat' dir='ltr'>a</span> <span class='ocrx_word' id='word_1_229' title='bbox 694 2653 805 2716; x_wconf 89' lang='lat' dir='ltr'>Phoeb.</span> <span class='ocrx_word' id='word_1_230' title='bbox 829 2654 878 2734; x_wconf 90' lang='lat' dir='ltr'>Sp.</span> <span class='ocrx_word' id='word_1_231' title='bbox 903 2654 967 2729; x_wconf 90' lang='grc' dir='ltr'>ΠΙ,</span> <span class='ocrx_word' id='word_1_232' title='bbox 992 2659 1033 2718; x_wconf 91' lang='grc'>50</span> <span class='ocrx_word' id='word_1_233' title='bbox 1055 2653 1194 2715; x_wconf 88' lang='lat' dir='ltr'>definitur</span> <span class='ocrx_word' id='word_1_234' title='bbox 1217 2645 1367 2728; x_wconf 59' lang='lat' dir='ltr'>ditaturae</span> 
     </span>
     <span class='ocr_line' id='line_1_24' title="bbox 107 2731 1368 2827; baseline -0.004 -23"><span class='ocrx_word' id='word_1_235' title='bbox 107 2731 277 2824; x_wconf 69' lang='grc' dir='ltr'><strong><em>ποοτελὴς</em></strong></span> <span class='ocrx_word' id='word_1_236' title='bbox 303 2739 362 2802; x_wconf 82' lang='grc' dir='ltr'>τοῦ</span> <span class='ocrx_word' id='word_1_237' title='bbox 391 2734 427 2800; x_wconf 76' lang='grc' dir='ltr'>ἐκ</span> <span class='ocrx_word' id='word_1_238' title='bbox 457 2739 517 2822; x_wconf 74' lang='grc' dir='ltr'>τῆς</span> <span class='ocrx_word' id='word_1_239' title='bbox 540 2731 747 2812; x_wconf 72' lang='grc' dir='ltr'><strong><em>όκολουθίας</em></strong></span> <span class='ocrx_word' id='word_1_240' title='bbox 770 2733 969 2827; x_wconf 76' lang='grc' dir='ltr'><strong><em>ὀφείλοντος</em></strong></span> <span class='ocrx_word' id='word_1_241' title='bbox 995 2737 1212 2825; x_wconf 69' lang='grc' dir='ltr'>ἐπενεχθῆναι</span> <span class='ocrx_word' id='word_1_242' title='bbox 1224 2737 1271 2818; x_wconf 78' lang='lat'>⁷⁷).</span> <span class='ocrx_word' id='word_1_243' title='bbox 1316 2738 1368 2799; x_wconf 87' lang='lat' dir='ltr'>De</span> 
     </span>
     <span class='ocr_line' id='line_1_25' title="bbox 106 2821 1363 2909; baseline -0.003 -21"><span class='ocrx_word' id='word_1_244' title='bbox 106 2828 174 2888; x_wconf 90' lang='lat' dir='ltr'>eius</span> <span class='ocrx_word' id='word_1_245' title='bbox 196 2825 228 2889; x_wconf 84' lang='lat' dir='ltr'>vi</span> <span class='ocrx_word' id='word_1_246' title='bbox 251 2834 281 2887; x_wconf 93' lang='lat' dir='ltr'>et</span> <span class='ocrx_word' id='word_1_247' title='bbox 302 2824 432 2886; x_wconf 86' lang='lat' dir='ltr'>utilitate</span> <span class='ocrx_word' id='word_1_248' title='bbox 453 2826 556 2887; x_wconf 89' lang='lat' dir='ltr'>scribit</span> <span class='ocrx_word' id='word_1_249' title='bbox 570 2825 697 2903; x_wconf 72' lang='lat' dir='ltr'>Quintil.</span> <span class='ocrx_word' id='word_1_250' title='bbox 721 2832 749 2902; x_wconf 89' lang='lat'>9,</span> <span class='ocrx_word' id='word_1_251' title='bbox 773 2833 801 2900; x_wconf 91' lang='lat'>2,</span> <span class='ocrx_word' id='word_1_252' title='bbox 826 2831 875 2902; x_wconf 85' lang='lat'>54,</span> <span class='ocrx_word' id='word_1_253' title='bbox 900 2822 1040 2890; x_wconf 80' lang='lat' dir='ltr'>ostendit</span> <span class='ocrx_word' id='word_1_254' title='bbox 1064 2822 1195 2909; x_wconf 79' lang='lat' dir='ltr'>aliquid</span> <span class='ocrx_word' id='word_1_255' title='bbox 1216 2821 1363 2902; x_wconf 66' lang='lat' dir='ltr'>adfectae</span> 
     </span>
     <span class='ocr_line' id='line_1_26' title="bbox 107 2906 1364 2998; baseline -0.002 -23"><span class='ocrx_word' id='word_1_256' title='bbox 107 2911 161 2975; x_wconf 84' lang='lat' dir='ltr'>vel</span> <span class='ocrx_word' id='word_1_257' title='bbox 184 2912 270 2987; x_wconf 81' lang='lat' dir='ltr'>irae,</span> <span class='ocrx_word' id='word_1_258' title='bbox 292 2913 423 2973; x_wconf 85' lang='lat' dir='ltr'>Demetr.</span> <span class='ocrx_word' id='word_1_259' title='bbox 447 2911 499 2992; x_wconf 84' lang='lat' dir='ltr'>Sp.</span> <span class='ocrx_word' id='word_1_260' title='bbox 525 2916 586 2975; x_wconf 88' lang='lat'>285</span> <span class='ocrx_word' id='word_1_261' title='bbox 615 2906 686 2976; x_wconf 68' lang='lat' dir='ltr'>tao</span> <span class='ocrx_word' id='word_1_262' title='bbox 715 2907 761 2998; x_wconf 78' lang='grc' dir='ltr'>μή</span> <span class='ocrx_word' id='word_1_263' title='bbox 784 2913 930 2993; x_wconf 68' lang='grc' dir='ltr'>ῥηθέντα</span> <span class='ocrx_word' id='word_1_264' title='bbox 953 2911 1093 2992; x_wconf 80' lang='grc' dir='ltr'><strong><em>μείζονα</em></strong></span> <span class='ocrx_word' id='word_1_265' title='bbox 1118 2909 1274 2997; x_wconf 75' lang='grc' dir='ltr'><strong><em>φαίνεται</em></strong></span> <span class='ocrx_word' id='word_1_266' title='bbox 1307 2909 1364 2973; x_wconf 83' lang='grc' dir='ltr'>καὶ</span> 
     </span>
     <span class='ocr_line' id='line_1_27' title="bbox 111 2990 1365 3080; baseline -0.006 -14"><span class='ocrx_word' id='word_1_267' title='bbox 111 2990 346 3079; x_wconf 75' lang='grc' dir='ltr'><strong><em>όπονοηθὲντα</em></strong></span> <span class='ocrx_word' id='word_1_268' title='bbox 376 2998 496 3076; x_wconf 82' lang='grc' dir='ltr'><strong><em>μᾶλλον</em></strong></span> <span class='ocrx_word' id='word_1_269' title='bbox 525 2999 572 3078; x_wconf 83' lang='lat' dir='ltr'>(cf.</span> <span class='ocrx_word' id='word_1_270' title='bbox 599 2998 745 3079; x_wconf 83' lang='lat' dir='ltr'>Hermog.</span> <span class='ocrx_word' id='word_1_271' title='bbox 771 2999 822 3080; x_wconf 86' lang='lat' dir='ltr'>sp.</span> <span class='ocrx_word' id='word_1_272' title='bbox 848 3000 898 3073; x_wconf 89' lang='lat' dir='ltr'>H,</span> <span class='ocrx_word' id='word_1_273' title='bbox 933 3000 1016 3078; x_wconf 89' lang='lat'>430).</span> <span class='ocrx_word' id='word_1_274' title='bbox 1059 3001 1090 3060; x_wconf 83' lang='lat' dir='ltr'><strong>A</strong></span> <span class='ocrx_word' id='word_1_275' title='bbox 1122 2998 1224 3060; x_wconf 84' lang='lat' dir='ltr'>multis</span> <span class='ocrx_word' id='word_1_276' title='bbox 1256 2997 1365 3059; x_wconf 89' lang='lat' dir='ltr'>artium</span> 
     </span>
     <span class='ocr_line' id='line_1_28' title="bbox 111 3084 1368 3166; baseline -0.003 -18"><span class='ocrx_word' id='word_1_277' title='bbox 111 3085 308 3165; x_wconf 89' lang='lat' dir='ltr'>scriptoribus</span> <span class='ocrx_word' id='word_1_278' title='bbox 329 3084 404 3146; x_wconf 88' lang='lat' dir='ltr'>haec</span> <span class='ocrx_word' id='word_1_279' title='bbox 425 3085 474 3166; x_wconf 84' lang='lat' dir='ltr'>fig.</span> <span class='ocrx_word' id='word_1_280' title='bbox 497 3105 558 3146; x_wconf 92' lang='lat' dir='ltr'>non</span> <span class='ocrx_word' id='word_1_281' title='bbox 581 3085 653 3146; x_wconf 88' lang='lat' dir='ltr'>satis</span> <span class='ocrx_word' id='word_1_282' title='bbox 676 3085 795 3147; x_wconf 89' lang='lat' dir='ltr'>definite</span> <span class='ocrx_word' id='word_1_283' title='bbox 821 3107 841 3147; x_wconf 85' lang='lat' dir='ltr'>a</span> <span class='ocrx_word' id='word_1_284' title='bbox 861 3086 1068 3165; x_wconf 75' lang='lat' dir='ltr'>praetentione</span> <span class='ocrx_word' id='word_1_285' title='bbox 1089 3086 1279 3158; x_wconf 84' lang='lat' dir='ltr'>discemitur3</span> <span class='ocrx_word' id='word_1_286' title='bbox 1302 3105 1368 3164; x_wconf 87' lang='lat' dir='ltr'>ege,</span> 
     </span>
     <span class='ocr_line' id='line_1_29' title="bbox 107 3170 1366 3251; baseline -0.003 -17"><span class='ocrx_word' id='word_1_287' title='bbox 107 3182 146 3234; x_wconf 86' lang='lat' dir='ltr'>ut</span> <span class='ocrx_word' id='word_1_288' title='bbox 171 3192 289 3233; x_wconf 93' lang='lat' dir='ltr'>omnem</span> <span class='ocrx_word' id='word_1_289' title='bbox 310 3170 513 3232; x_wconf 78' lang='lat' dir='ltr'>confusionem</span> <span class='ocrx_word' id='word_1_290' title='bbox 534 3171 648 3246; x_wconf 89' lang='lat' dir='ltr'>tollam,</span> <span class='ocrx_word' id='word_1_291' title='bbox 671 3172 935 3251; x_wconf 87' lang='lat' dir='ltr'>adpraecisiouem</span> <span class='ocrx_word' id='word_1_292' title='bbox 956 3193 993 3235; x_wconf 89' lang='lat' dir='ltr'>ea</span> <span class='ocrx_word' id='word_1_293' title='bbox 1014 3181 1133 3234; x_wconf 89' lang='lat' dir='ltr'>tantum</span> <span class='ocrx_word' id='word_1_294' title='bbox 1154 3171 1311 3246; x_wconf 89' lang='lat' dir='ltr'>revocabo,</span> <span class='ocrx_word' id='word_1_295' title='bbox 1334 3171 1366 3230; x_wconf 91' lang='lat' dir='ltr'>in</span> 
     </span>
     <span class='ocr_line' id='line_1_30' title="bbox 107 3258 1368 3341; baseline -0.002 -21"><span class='ocrx_word' id='word_1_296' title='bbox 107 3258 221 3341; x_wconf 91' lang='lat' dir='ltr'>quibus</span> <span class='ocrx_word' id='word_1_297' title='bbox 243 3258 323 3320; x_wconf 87' lang='lat' dir='ltr'>iusta</span> <span class='ocrx_word' id='word_1_298' title='bbox 345 3258 485 3319; x_wconf 88' lang='lat' dir='ltr'>orationis</span> <span class='ocrx_word' id='word_1_299' title='bbox 509 3258 598 3319; x_wconf 83' lang='lat' dir='ltr'>series</span> <span class='ocrx_word' id='word_1_300' title='bbox 620 3258 858 3339; x_wconf 83' lang='lat' dir='ltr'>interrumpitur,</span> <span class='ocrx_word' id='word_1_301' title='bbox 880 3260 981 3322; x_wconf 92' lang='lat' dir='ltr'>omnia</span> <span class='ocrx_word' id='word_1_302' title='bbox 1004 3268 1116 3334; x_wconf 90' lang='lat' dir='ltr'>autern,</span> <span class='ocrx_word' id='word_1_303' title='bbox 1139 3280 1216 3339; x_wconf 87' lang='lat' dir='ltr'>quae</span> <span class='ocrx_word' id='word_1_304' title='bbox 1237 3266 1368 3339; x_wconf 66' lang='lat' dir='ltr'>praeten</span> 
     </span>
     <span class='ocr_line' id='line_1_31' title="bbox 107 3343 1369 3424; baseline -0.002 -18"><span class='ocrx_word' id='word_1_305' title='bbox 107 3344 192 3406; x_wconf 86' lang='lat' dir='ltr'>mitti</span> <span class='ocrx_word' id='word_1_306' title='bbox 214 3343 361 3418; x_wconf 77' lang='lat' dir='ltr'>dicuntur,</span> <span class='ocrx_word' id='word_1_307' title='bbox 384 3344 447 3407; x_wconf 86' lang='lat' dir='ltr'>sive</span> <span class='ocrx_word' id='word_1_308' title='bbox 467 3365 522 3419; x_wconf 91' lang='lat' dir='ltr'>res,</span> <span class='ocrx_word' id='word_1_309' title='bbox 545 3344 784 3424; x_wconf 87' lang='lat' dir='ltr'>quaeomittitur,</span> <span class='ocrx_word' id='word_1_310' title='bbox 806 3346 985 3422; x_wconf 88' lang='lat' dir='ltr'>nominatur,</span> <span class='ocrx_word' id='word_1_311' title='bbox 1008 3347 1071 3408; x_wconf 88' lang='lat' dir='ltr'>sive</span> <span class='ocrx_word' id='word_1_312' title='bbox 1088 3354 1207 3407; x_wconf 88' lang='lat' dir='ltr'>tantum</span> <span class='ocrx_word' id='word_1_313' title='bbox 1229 3344 1369 3420; x_wconf 87' lang='lat' dir='ltr'>universe</span> 
     </span>
     <span class='ocr_line' id='line_1_32' title="bbox 109 3430 1368 3512; baseline -0.002 -19"><span class='ocrx_word' id='word_1_314' title='bbox 109 3431 278 3505; x_wconf 90' lang='lat' dir='ltr'>indicatur,</span> <span class='ocrx_word' id='word_1_315' title='bbox 310 3430 513 3511; x_wconf 88' lang='lat' dir='ltr'>praeteritioni</span> <span class='ocrx_word' id='word_1_316' title='bbox 549 3430 714 3494; x_wconf 85' lang='lat' dir='ltr'>subiiciam.</span> <span class='ocrx_word' id='word_1_317' title='bbox 764 3432 867 3512; x_wconf 82' lang='lat' dir='ltr'>Atque</span> <span class='ocrx_word' id='word_1_318' title='bbox 907 3433 983 3495; x_wconf 89' lang='lat' dir='ltr'>haec</span> <span class='ocrx_word' id='word_1_319' title='bbox 1024 3432 1074 3512; x_wconf 87' lang='lat' dir='ltr'>fig.</span> <span class='ocrx_word' id='word_1_320' title='bbox 1112 3431 1264 3493; x_wconf 88' lang='lat' dir='ltr'>rarissima</span> <span class='ocrx_word' id='word_1_321' title='bbox 1307 3437 1368 3490; x_wconf 87' lang='lat' dir='ltr'>est:</span> 
     </span>
     <span class='ocr_line' id='line_1_33' title="bbox 108 3513 1365 3603; baseline -0.005 -23"><span class='ocrx_word' id='word_1_322' title='bbox 108 3517 304 3580; x_wconf 89' lang='lat' dir='ltr'>notissimum</span> <span class='ocrx_word' id='word_1_323' title='bbox 326 3526 372 3579; x_wconf 91' lang='lat' dir='ltr'>est</span> <span class='ocrx_word' id='word_1_324' title='bbox 392 3517 468 3578; x_wconf 93' lang='lat' dir='ltr'>illud</span> <span class='ocrx_word' id='word_1_325' title='bbox 479 3517 688 3596; x_wconf 84' lang='lat' dir='ltr'>Vergilianum</span> <span class='ocrx_word' id='word_1_326' title='bbox 701 3517 778 3582; x_wconf 89' lang='lat' dir='ltr'>Aen.</span> <span class='ocrx_word' id='word_1_327' title='bbox 805 3525 832 3593; x_wconf 90' lang='lat'>1,</span> <span class='ocrx_word' id='word_1_328' title='bbox 858 3524 918 3582; x_wconf 88' lang='lat'>135</span> <span class='ocrx_word' id='word_1_329' title='bbox 943 3539 1023 3600; x_wconf 80' lang='lat' dir='ltr'>quoe</span> <span class='ocrx_word' id='word_1_330' title='bbox 1046 3538 1100 3603; x_wconf 73' lang='lat' dir='ltr'>epo</span> <span class='ocrx_word' id='word_1_331' title='bbox 1122 3553 1165 3565; x_wconf 91' lang='lat'>-</span> <span class='ocrx_word' id='word_1_332' title='bbox 1188 3513 1245 3578; x_wconf 79' lang='lat' dir='ltr'>aed</span> <span class='ocrx_word' id='word_1_333' title='bbox 1266 3525 1365 3576; x_wconf 81' lang='lat' dir='ltr'>motos</span> 
     </span>
     <span class='ocr_line' id='line_1_34' title="bbox 103 3600 1366 3750; baseline -0.001 -85"><span class='ocrx_word' id='word_1_334' title='bbox 103 3613 258 3689; x_wconf 80' lang='lat' dir='ltr'>praestat</span> <span class='ocrx_word' id='word_1_335' title='bbox 289 3623 473 3686; x_wconf 80' lang='lat' dir='ltr'>componere</span> <span class='ocrx_word' id='word_1_336' title='bbox 480 3601 640 3750; x_wconf 57' lang='lat' dir='ltr'>sectum</span> <span class='ocrx_word' id='word_1_337' title='bbox 672 3604 734 3668; x_wconf 79' lang='lat' dir='ltr'>Cic.</span> <span class='ocrx_word' id='word_1_338' title='bbox 766 3605 839 3667; x_wconf 89' lang='lat' dir='ltr'>dicit</span> <span class='ocrx_word' id='word_1_339' title='bbox 880 3606 912 3665; x_wconf 91' lang='lat' dir='ltr'>in</span> <span class='ocrx_word' id='word_1_340' title='bbox 940 3605 1006 3666; x_wconf 91' lang='lat' dir='ltr'>Mil.</span> <span class='ocrx_word' id='word_1_341' title='bbox 1045 3610 1100 3668; x_wconf 82' lang='lat'>33:</span> <span class='ocrx_word' id='word_1_342' title='bbox 1150 3600 1188 3664; x_wconf 88' lang='lat' dir='ltr'>de</span> <span class='ocrx_word' id='word_1_343' title='bbox 1221 3611 1366 3664; x_wconf 78' lang='lat' dir='ltr'>nostrum</span> 
     </span>
     <span class='ocr_line' id='line_1_35' title="bbox 111 3687 1366 3770; baseline -0.002 -18"><span class='ocrx_word' id='word_1_344' title='bbox 111 3688 258 3752; x_wconf 80' lang='lat' dir='ltr'>omnium</span> <span class='ocrx_word' id='word_1_345' title='bbox 281 3727 320 3736; x_wconf 89' lang='lat'><em>-</em></span> <span class='ocrx_word' id='word_1_346' title='bbox 344 3710 408 3752; x_wconf 80' lang='lat' dir='ltr'>non</span> <span class='ocrx_word' id='word_1_347' title='bbox 432 3712 477 3751; x_wconf 81' lang='lat' dir='ltr'>aa</span> <span class='ocrx_word' id='word_1_348' title='bbox 503 3709 537 3750; x_wconf 90' lang='lat' dir='ltr'>eo</span> <span class='ocrx_word' id='word_1_349' title='bbox 562 3699 663 3751; x_wconf 85' lang='lat' dir='ltr'>totam</span> <span class='ocrx_word' id='word_1_350' title='bbox 686 3687 806 3765; x_wconf 79' lang='lat' dir='ltr'>dicere;</span> <span class='ocrx_word' id='word_1_351' title='bbox 830 3691 866 3753; x_wconf 90' lang='lat' dir='ltr'>cf.</span> <span class='ocrx_word' id='word_1_352' title='bbox 888 3691 929 3753; x_wconf 91' lang='lat' dir='ltr'>ib.</span> <span class='ocrx_word' id='word_1_353' title='bbox 952 3697 1010 3764; x_wconf 82' lang='grc'>79;</span> <span class='ocrx_word' id='word_1_354' title='bbox 1032 3691 1088 3753; x_wconf 89' lang='lat' dir='ltr'>Ph.</span> <span class='ocrx_word' id='word_1_355' title='bbox 1111 3690 1191 3765; x_wconf 89' lang='lat' dir='ltr'>XII,</span> <span class='ocrx_word' id='word_1_356' title='bbox 1214 3695 1235 3751; x_wconf 90' lang='lat'>4</span> <span class='ocrx_word' id='word_1_357' title='bbox 1258 3708 1366 3770; x_wconf 85' lang='lat' dir='ltr'>quam·</span> 
     </span>
     <span class='ocr_line' id='line_1_36' title="bbox 112 3773 1370 3862; baseline -0.002 -25"><span class='ocrx_word' id='word_1_358' title='bbox 112 3798 213 3862; x_wconf 81' lang='lat' dir='ltr'>quam</span> <span class='ocrx_word' id='word_1_359' title='bbox 237 3812 277 3823; x_wconf 93' lang='lat'>—-</span> <span class='ocrx_word' id='word_1_360' title='bbox 302 3773 361 3838; x_wconf 81' lang='lat' dir='ltr'>sed</span> <span class='ocrx_word' id='word_1_361' title='bbox 382 3773 438 3837; x_wconf 78' lang='lat' dir='ltr'>doc</span> <span class='ocrx_word' id='word_1_362' title='bbox 461 3773 548 3836; x_wconf 82' lang='lat' dir='ltr'>malo</span> <span class='ocrx_word' id='word_1_363' title='bbox 572 3773 676 3838; x_wconf 83' lang='lat' dir='ltr'>dicere</span> <span class='ocrx_word' id='word_1_364' title='bbox 683 3798 696 3856; x_wconf 92' lang='grc'><strong>,·</strong></span> <span class='ocrx_word' id='word_1_365' title='bbox 729 3777 990 3840; x_wconf 81' lang='lat' dir='ltr'>Demosthenicum</span> <span class='ocrx_word' id='word_1_366' title='bbox 1015 3776 1103 3838; x_wconf 92' lang='lat' dir='ltr'>huius</span> <span class='ocrx_word' id='word_1_367' title='bbox 1125 3798 1153 3857; x_wconf 89' lang='lat' dir='ltr'>g.</span> <span class='ocrx_word' id='word_1_368' title='bbox 1176 3785 1221 3838; x_wconf 90' lang='lat' dir='ltr'>est</span> <span class='ocrx_word' id='word_1_369' title='bbox 1250 3775 1327 3836; x_wconf 89' lang='lat' dir='ltr'>illud</span> <span class='ocrx_word' id='word_1_370' title='bbox 1348 3796 1370 3836; x_wconf 88' lang='lat' dir='ltr'>a</span> 
     </span>
     <span class='ocr_line' id='line_1_37' title="bbox 111 3854 1367 3946; baseline 0 -21"><span class='ocrx_word' id='word_1_371' title='bbox 111 3862 217 3925; x_wconf 90' lang='lat' dir='ltr'>multis</span> <span class='ocrx_word' id='word_1_372' title='bbox 241 3862 399 3924; x_wconf 89' lang='lat' dir='ltr'>laudatum</span> <span class='ocrx_word' id='word_1_373' title='bbox 421 3863 538 3926; x_wconf 92' lang='lat' dir='ltr'>decor.</span> <span class='ocrx_word' id='word_1_374' title='bbox 564 3868 582 3926; x_wconf 89' lang='lat'><strong>3</strong></span> <span class='ocrx_word' id='word_1_375' title='bbox 606 3857 680 3930; x_wconf 74' lang='grc' dir='ltr'>ἀλλ’</span> <span class='ocrx_word' id='word_1_376' title='bbox 702 3858 777 3945; x_wconf 80' lang='grc' dir='ltr'><strong><em>ἐμοὶ</em></strong></span> <span class='ocrx_word' id='word_1_377' title='bbox 802 3860 966 3942; x_wconf 80' lang='grc' dir='ltr'><strong><em>μέν-οὐ</em></strong></span> <span class='ocrx_word' id='word_1_378' title='bbox 980 3854 1143 3941; x_wconf 76' lang='grc' dir='ltr'><strong><em>βούλομαι</em></strong></span> <span class='ocrx_word' id='word_1_379' title='bbox 1161 3859 1198 3927; x_wconf 83' lang='grc' dir='ltr'>δὲ</span> <span class='ocrx_word' id='word_1_380' title='bbox 1213 3858 1367 3946; x_wconf 78' lang='grc' dir='ltr'><em>δυσχερὲς</em></span> 
     </span>
     <span class='ocr_line' id='line_1_38' title="bbox 112 3937 1369 4036; baseline -0.003 -22"><span class='ocrx_word' id='word_1_381' title='bbox 112 3946 218 4016; x_wconf 78' lang='grc' dir='ltr'><strong><em>εἰπεῖν</em></strong></span> <span class='ocrx_word' id='word_1_382' title='bbox 240 3941 337 4014; x_wconf 75' lang='grc' dir='ltr'><strong><em>οὐδὲν</em></strong></span> <span class='ocrx_word' id='word_1_383' title='bbox 359 3938 538 4032; x_wconf 76' lang='grc' dir='ltr'><strong><em>ἀρχόμενος</em></strong></span> <span class='ocrx_word' id='word_1_384' title='bbox 561 3937 746 4036; x_wconf 73' lang='grc' dir='ltr'><strong><em>τοῦλόγου·</em></strong></span> <span class='ocrx_word' id='word_1_385' title='bbox 774 3950 810 4012; x_wconf 90' lang='lat' dir='ltr'>cf.</span> <span class='ocrx_word' id='word_1_386' title='bbox 832 3950 873 4014; x_wconf 89' lang='lat' dir='ltr'>ib.</span> <span class='ocrx_word' id='word_1_387' title='bbox 897 3952 957 4025; x_wconf 87' lang='lat'>22,</span> <span class='ocrx_word' id='word_1_388' title='bbox 983 3954 1059 4026; x_wconf 82' lang='lat'>195,</span> <span class='ocrx_word' id='word_1_389' title='bbox 1082 3950 1140 4025; x_wconf 90' lang='lat' dir='ltr'>IX,</span> <span class='ocrx_word' id='word_1_390' title='bbox 1164 3955 1221 4024; x_wconf 87' lang='grc'>54;</span> <span class='ocrx_word' id='word_1_391' title='bbox 1244 3949 1284 4013; x_wconf 92' lang='lat' dir='ltr'>ib.</span> <span class='ocrx_word' id='word_1_392' title='bbox 1306 3949 1369 4023; x_wconf 92' lang='lat' dir='ltr'>III,</span> 
     </span>
    </p>
   </div>
   <div class='ocr_carea' id='block_1_5' title="bbox 114 4183 1370 4470">
    <p class='ocr_par' dir='ltr' id='par_1_5' title="bbox 114 4183 1370 4470">
     <span class='ocr_line' id='line_1_39' title="bbox 219 4183 1367 4262; baseline -0.001 -16"><span class='ocrx_word' id='word_1_393' title='bbox 219 4193 253 4262; x_wconf 82' lang='grc' dir='ltr'>Π)</span> <span class='ocrx_word' id='word_1_394' title='bbox 273 4195 306 4246; x_wconf 83' lang='lat' dir='ltr'>cf.</span> <span class='ocrx_word' id='word_1_395' title='bbox 327 4193 427 4245; x_wconf 85' lang='lat' dir='ltr'>Cornif.</span> <span class='ocrx_word' id='word_1_396' title='bbox 446 4198 471 4255; x_wconf 90' lang='lat'>4,</span> <span class='ocrx_word' id='word_1_397' title='bbox 491 4197 540 4260; x_wconf 87' lang='grc'>30,</span> <span class='ocrx_word' id='word_1_398' title='bbox 564 4198 607 4256; x_wconf 94' lang='grc'><strong>41,</strong></span> <span class='ocrx_word' id='word_1_399' title='bbox 632 4195 710 4245; x_wconf 87' lang='lat' dir='ltr'>cuius</span> <span class='ocrx_word' id='word_1_400' title='bbox 735 4195 815 4244; x_wconf 91' lang='lat' dir='ltr'>etiam</span> <span class='ocrx_word' id='word_1_401' title='bbox 840 4195 1002 4260; x_wconf 82' lang='lat' dir='ltr'>significatio</span> <span class='ocrx_word' id='word_1_402' title='bbox 1026 4212 1073 4262; x_wconf 86' lang='lat' dir='ltr'>per</span> <span class='ocrx_word' id='word_1_403' title='bbox 1097 4183 1272 4246; x_wconf 83' lang='lat' dir='ltr'>abscisionem</span> <span class='ocrx_word' id='word_1_404' title='bbox 1296 4192 1367 4258; x_wconf 85' lang='lat' dir='ltr'>(vide</span> 
     </span>
     <span class='ocr_line' id='line_1_40' title="bbox 114 4263 1370 4332; baseline -0.002 -18"><span class='ocrx_word' id='word_1_405' title='bbox 114 4281 177 4332; x_wconf 83' lang='lat' dir='ltr'>pag.</span> <span class='ocrx_word' id='word_1_406' title='bbox 196 4267 228 4314; x_wconf 88' lang='grc'>23</span> <span class='ocrx_word' id='word_1_407' title='bbox 248 4265 314 4330; x_wconf 79' lang='lat' dir='ltr'>sqq.)</span> <span class='ocrx_word' id='word_1_408' title='bbox 332 4265 386 4316; x_wconf 87' lang='lat' dir='ltr'>hue</span> <span class='ocrx_word' id='word_1_409' title='bbox 404 4269 519 4329; x_wconf 83' lang='lat' dir='ltr'>spectat,</span> <span class='ocrx_word' id='word_1_410' title='bbox 544 4264 622 4314; x_wconf 81' lang='lat' dir='ltr'>Alex.</span> <span class='ocrx_word' id='word_1_411' title='bbox 643 4268 690 4324; x_wconf 88' lang='grc'>22,</span> <span class='ocrx_word' id='word_1_412' title='bbox 716 4263 803 4314; x_wconf 86' lang='lat' dir='ltr'>Tiber.</span> <span class='ocrx_word' id='word_1_413' title='bbox 824 4267 871 4328; x_wconf 88' lang='grc'>62,</span> <span class='ocrx_word' id='word_1_414' title='bbox 883 4264 987 4316; x_wconf 81' lang='lat' dir='ltr'>&#39;Herod</span> <span class='ocrx_word' id='word_1_415' title='bbox 1008 4267 1050 4328; x_wconf 91' lang='grc'>95,</span> <span class='ocrx_word' id='word_1_416' title='bbox 1068 4267 1156 4316; x_wconf 83' lang='lat' dir='ltr'>Anon.</span> <span class='ocrx_word' id='word_1_417' title='bbox 1174 4265 1217 4330; x_wconf 81' lang='lat' dir='ltr'>Sp.</span> <span class='ocrx_word' id='word_1_418' title='bbox 1237 4265 1287 4326; x_wconf 93' lang='lat' dir='ltr'>III,</span> <span class='ocrx_word' id='word_1_419' title='bbox 1309 4267 1370 4326; x_wconf 83' lang='lat'>142,</span> 
     </span>
     <span class='ocr_line' id='line_1_41' title="bbox 116 4332 1367 4398; baseline -0.001 -14"><span class='ocrx_word' id='word_1_420' title='bbox 116 4336 179 4385; x_wconf 83' lang='lat' dir='ltr'>Zon.</span> <span class='ocrx_word' id='word_1_421' title='bbox 202 4337 259 4396; x_wconf 86' lang='grc'><strong>163,</strong></span> <span class='ocrx_word' id='word_1_422' title='bbox 277 4337 364 4386; x_wconf 86' lang='lat' dir='ltr'>Anon.</span> <span class='ocrx_word' id='word_1_423' title='bbox 384 4336 443 4395; x_wconf 82' lang='lat'>188,</span> <span class='ocrx_word' id='word_1_424' title='bbox 461 4333 517 4383; x_wconf 87' lang='lat' dir='ltr'>eod.</span> <span class='ocrx_word' id='word_1_425' title='bbox 537 4333 627 4383; x_wconf 83' lang='lat' dir='ltr'>Eckst.</span> <span class='ocrx_word' id='word_1_426' title='bbox 637 4334 672 4383; x_wconf 87' lang='lat' dir='ltr'>H.</span> <span class='ocrx_word' id='word_1_427' title='bbox 692 4333 732 4390; x_wconf 81' lang='lat'>74.</span> <span class='ocrx_word' id='word_1_428' title='bbox 751 4332 842 4398; x_wconf 88' lang='lat' dir='ltr'>Aquil.</span> <span class='ocrx_word' id='word_1_429' title='bbox 863 4338 904 4398; x_wconf 89' lang='grc'><strong>24,</strong></span> <span class='ocrx_word' id='word_1_430' title='bbox 923 4334 986 4385; x_wconf 87' lang='lat' dir='ltr'>Isid.</span> <span class='ocrx_word' id='word_1_431' title='bbox 998 4336 1056 4385; x_wconf 85' lang='lat'>521.</span> <span class='ocrx_word' id='word_1_432' title='bbox 1088 4334 1173 4385; x_wconf 86' lang='lat' dir='ltr'>Blass.</span> <span class='ocrx_word' id='word_1_433' title='bbox 1187 4334 1246 4398; x_wconf 82' lang='grc' dir='ltr'><strong>ΙΠ,,</strong></span> <span class='ocrx_word' id='word_1_434' title='bbox 1268 4334 1317 4383; x_wconf 82' lang='lat'>158</span> <span class='ocrx_word' id='word_1_435' title='bbox 1327 4349 1367 4398; x_wconf 87' lang='lat' dir='ltr'>sq,</span> 
     </span>
     <span class='ocr_line' id='line_1_42' title="bbox 116 4402 1297 4470; baseline -0.002 -15"><span class='ocrx_word' id='word_1_436' title='bbox 116 4404 196 4455; x_wconf 87' lang='lat' dir='ltr'>Gerb.</span> <span class='ocrx_word' id='word_1_437' title='bbox 216 4404 262 4470; x_wconf 76' lang='grc' dir='ltr'>ΙΙ,Ι</span> <span class='ocrx_word' id='word_1_438' title='bbox 282 4405 314 4455; x_wconf 86' lang='grc'>38</span> <span class='ocrx_word' id='word_1_439' title='bbox 333 4419 390 4468; x_wconf 89' lang='lat' dir='ltr'>sqq.</span> <span class='ocrx_word' id='word_1_440' title='bbox 410 4404 492 4454; x_wconf 87' lang='lat' dir='ltr'>Gross</span> <span class='ocrx_word' id='word_1_441' title='bbox 521 4405 579 4463; x_wconf 79' lang='lat'>173,</span> <span class='ocrx_word' id='word_1_442' title='bbox 598 4403 698 4453; x_wconf 87' lang='lat' dir='ltr'>Mense.</span> <span class='ocrx_word' id='word_1_443' title='bbox 716 4403 752 4456; x_wconf 88' lang='lat' dir='ltr'>D.</span> <span class='ocrx_word' id='word_1_444' title='bbox 769 4404 812 4465; x_wconf 87' lang='grc'>35,</span> <span class='ocrx_word' id='word_1_445' title='bbox 830 4403 935 4454; x_wconf 86' lang='lat' dir='ltr'>Volkm.</span> <span class='ocrx_word' id='word_1_446' title='bbox 953 4405 1029 4456; x_wconf 90' lang='lat' dir='ltr'>Rhet.</span> <span class='ocrx_word' id='word_1_447' title='bbox 1049 4406 1108 4467; x_wconf 89' lang='grc'><strong>429,</strong></span> <span class='ocrx_word' id='word_1_448' title='bbox 1128 4402 1235 4468; x_wconf 83' lang='lat' dir='ltr'>Kleutg.</span> <span class='ocrx_word' id='word_1_449' title='bbox 1254 4405 1297 4453; x_wconf 88' lang='grc'>80.</span> 
     </span>
    </p>
   </div>
   <div class='ocr_carea' id='block_1_6' title="bbox 0 0 1580 5004">
    <p class='ocr_par' dir='ltr' id='par_1_6' title="bbox 0 0 1580 5004">
     <span class='ocr_line' id='line_1_43' title="bbox 0 0 1580 5004; baseline 0 0"><span class='ocrx_word' id='word_1_450' title='bbox 0 0 1580 5004; x_wconf 95' lang='lat' dir='ltr'> </span> 
     </span>
    </p>
   </div>
  </div>
 </body>
</html>
