<?xml version="1.0" encoding="UTF-8"?>
<!DOCTYPE html PUBLIC "-//W3C//DTD XHTML 1.0 Transitional//EN"
    "http://www.w3.org/TR/xhtml1/DTD/xhtml1-transitional.dtd">
<html xmlns="http://www.w3.org/1999/xhtml" xml:lang="en" lang="en">
 <head>
  <title>
</title>
<meta http-equiv="Content-Type" content="text/html;charset=utf-8" />
  <meta name='ocr-system' content='tesseract 3.04.00' />
  <meta name='ocr-capabilities' content='ocr_page ocr_carea ocr_par ocr_line ocrx_word'/>
</head>
<body>
  <div class='ocr_page' id='page_1' title='image "./detropisetfigur00stragoog/detropisetfigur00stragoog_0041.png"; bbox 0 0 3136 5004; ppageno 0'>
   <div class='ocr_carea' id='block_1_1' title="bbox 821 369 941 428">
    <p class='ocr_par' dir='ltr' id='par_1_1' title="bbox 821 369 941 428">
     <span class='ocr_line' id='line_1_1' title="bbox 821 369 941 428; baseline 0 -1"><span class='ocrx_word' id='word_1_1' title='bbox 821 369 941 428; x_wconf 85' lang='lat'>30·</span> 
     </span>
    </p>
   </div>
   <div class='ocr_carea' id='block_1_2' title="bbox 741 455 946 463">
    <p class='ocr_par' dir='ltr' id='par_1_2' title="bbox 741 455 946 463">
     <span class='ocr_line' id='line_1_2' title="bbox 741 455 946 463; baseline 0.005 -2"><span class='ocrx_word' id='word_1_2' title='bbox 741 455 946 463; x_wconf 77' lang='lat'>—.—..——.</span> 
     </span>
    </p>
   </div>
   <div class='ocr_carea' id='block_1_3' title="bbox 207 573 1550 4196">
    <p class='ocr_par' dir='ltr' id='par_1_3' title="bbox 218 573 1550 1606">
     <span class='ocr_line' id='line_1_3' title="bbox 221 573 1482 657; baseline 0 -17"><span class='ocrx_word' id='word_1_3' title='bbox 221 597 331 640; x_wconf 88' lang='lat' dir='ltr'>mansa</span> <span class='ocrx_word' id='word_1_4' title='bbox 354 583 386 638; x_wconf 92' lang='lat' dir='ltr'>nt</span> <span class='ocrx_word' id='word_1_5' title='bbox 408 576 542 637; x_wconf 88' lang='lat' dir='ltr'>nutrices</span> <span class='ocrx_word' id='word_1_6' title='bbox 565 573 733 655; x_wconf 80' lang='lat' dir='ltr'>insontibus</span> <span class='ocrx_word' id='word_1_7' title='bbox 753 576 860 656; x_wconf 84' lang='lat' dir='ltr'>pueris</span> <span class='ocrx_word' id='word_1_8' title='bbox 883 576 916 636; x_wconf 77' lang='lat' dir='ltr'>tn</span> <span class='ocrx_word' id='word_1_9' title='bbox 939 594 972 636; x_wconf 89' lang='lat' dir='ltr'>os</span> <span class='ocrx_word' id='word_1_10' title='bbox 994 575 1132 638; x_wconf 90' lang='lat' dir='ltr'>inserant</span> <span class='ocrx_word' id='word_1_11' title='bbox 1155 582 1229 657; x_wconf 85' lang='lat' dir='ltr'>etc.;</span> <span class='ocrx_word' id='word_1_12' title='bbox 1255 578 1343 639; x_wconf 86' lang='lat' dir='ltr'>Rosa.</span> <span class='ocrx_word' id='word_1_13' title='bbox 1364 578 1404 640; x_wconf 91' lang='lat' dir='ltr'>A.</span> <span class='ocrx_word' id='word_1_14' title='bbox 1434 585 1482 640; x_wconf 81' lang='lat'>74</span> 
     </span>
     <span class='ocr_line' id='line_1_4' title="bbox 220 661 1475 744; baseline 0 -18"><span class='ocrx_word' id='word_1_15' title='bbox 220 683 321 727; x_wconf 90' lang='lat' dir='ltr'>nonne</span> <span class='ocrx_word' id='word_1_16' title='bbox 344 663 390 725; x_wconf 87' lang='lat' dir='ltr'>bis</span> <span class='ocrx_word' id='word_1_17' title='bbox 412 662 599 741; x_wconf 82' lang='lat' dir='ltr'>aestipiis</span> <span class='ocrx_word' id='word_1_18' title='bbox 622 661 663 722; x_wconf 90' lang='lat' dir='ltr'>ad</span> <span class='ocrx_word' id='word_1_19' title='bbox 686 666 805 743; x_wconf 89' lang='lat' dir='ltr'>caput</span> <span class='ocrx_word' id='word_1_20' title='bbox 828 661 970 738; x_wconf 78' lang='lat' dir='ltr'>maleficii</span> <span class='ocrx_word' id='word_1_21' title='bbox 989 663 1147 743; x_wconf 85' lang='lat' dir='ltr'>perveniri</span> <span class='ocrx_word' id='word_1_22' title='bbox 1164 663 1265 725; x_wconf 87' lang='lat' dir='ltr'>solet?</span> <span class='ocrx_word' id='word_1_23' title='bbox 1285 684 1367 744; x_wconf 91' lang='lat' dir='ltr'>prov.</span> <span class='ocrx_word' id='word_1_24' title='bbox 1384 685 1408 725; x_wconf 92' lang='lat' dir='ltr'>c.</span> <span class='ocrx_word' id='word_1_25' title='bbox 1433 671 1475 728; x_wconf 89' lang='lat'>31</span> 
     </span>
     <span class='ocr_line' id='line_1_5' title="bbox 219 747 1550 832; baseline 0 -20"><span class='ocrx_word' id='word_1_26' title='bbox 219 755 369 824; x_wconf 89' lang='lat' dir='ltr'>nationes,</span> <span class='ocrx_word' id='word_1_27' title='bbox 391 767 471 832; x_wconf 83' lang='lat' dir='ltr'>qnae</span> <span class='ocrx_word' id='word_1_28' title='bbox 493 748 649 810; x_wconf 86' lang='lat' dir='ltr'>hominurn</span> <span class='ocrx_word' id='word_1_29' title='bbox 663 747 855 824; x_wconf 81' lang='lat' dir='ltr'>nrnltitndine</span> <span class='ocrx_word' id='word_1_30' title='bbox 870 749 938 830; x_wconf 88' lang='lat' dir='ltr'>ipsa</span> <span class='ocrx_word' id='word_1_31' title='bbox 946 754 1092 830; x_wconf 72' lang='lat' dir='ltr'><em>poterant</em></span> <span class='ocrx_word' id='word_1_32' title='bbox 1106 749 1139 810; x_wconf 84' lang='lat' dir='ltr'>in</span> <span class='ocrx_word' id='word_1_33' title='bbox 1145 750 1326 831; x_wconf 83' lang='lat' dir='ltr'>prouincias</span> <span class='ocrx_word' id='word_1_34' title='bbox 1337 751 1431 812; x_wconf 86' lang='lat' dir='ltr'>redu</span> <span class='ocrx_word' id='word_1_35' title='bbox 1439 773 1478 812; x_wconf 92' lang='lat' dir='ltr'>n·</span> <span class='ocrx_word' id='word_1_36' title='bbox 1549 759 1550 832; x_wconf 68' lang='lat' dir='ltr'>l</span> 
     </span>
     <span class='ocr_line' id='line_1_6' title="bbox 221 835 1550 917; baseline -0.002 -17"><span class='ocrx_word' id='word_1_37' title='bbox 221 839 333 912; x_wconf 83' lang='lat' dir='ltr'>dare,</span> <span class='ocrx_word' id='word_1_38' title='bbox 356 837 401 897; x_wconf 88' lang='lat' dir='ltr'>ito</span> <span class='ocrx_word' id='word_1_39' title='bbox 425 853 489 896; x_wconf 89' lang='lat' dir='ltr'>esse</span> <span class='ocrx_word' id='word_1_40' title='bbox 507 835 626 916; x_wconf 86' lang='lat' dir='ltr'>partini</span> <span class='ocrx_word' id='word_1_41' title='bbox 648 835 818 914; x_wconf 82' lang='lat' dir='ltr'>recisas,</span> <span class='ocrx_word' id='word_1_42' title='bbox 838 839 956 916; x_wconf 87' lang='lat' dir='ltr'>partim</span> <span class='ocrx_word' id='word_1_43' title='bbox 978 854 1145 917; x_wconf 86' lang='lat' dir='ltr'>repressas.</span> <span class='ocrx_word' id='word_1_44' title='bbox 1190 836 1251 898; x_wconf 83' lang='lat' dir='ltr'>Sed</span> <span class='ocrx_word' id='word_1_45' title='bbox 1273 857 1339 897; x_wconf 91' lang='lat' dir='ltr'>cum</span> <span class='ocrx_word' id='word_1_46' title='bbox 1370 837 1403 897; x_wconf 92' lang='lat' dir='ltr'>in</span> <span class='ocrx_word' id='word_1_47' title='bbox 1426 838 1482 899; x_wconf 88' lang='lat' dir='ltr'>his</span> <span class='ocrx_word' id='word_1_48' title='bbox 1549 839 1550 848; x_wconf 74' lang='grc'>’</span> 
     </span>
     <span class='ocr_line' id='line_1_7' title="bbox 221 919 1481 1001; baseline -0.001 -16"><span class='ocrx_word' id='word_1_49' title='bbox 221 924 360 985; x_wconf 90' lang='lat' dir='ltr'>omnibus</span> <span class='ocrx_word' id='word_1_50' title='bbox 383 921 486 1001; x_wconf 88' lang='lat' dir='ltr'>aliqua</span> <span class='ocrx_word' id='word_1_51' title='bbox 507 920 641 981; x_wconf 87' lang='lat' dir='ltr'>excusari</span> <span class='ocrx_word' id='word_1_52' title='bbox 663 919 778 998; x_wconf 80' lang='lat' dir='ltr'>possint</span> <span class='ocrx_word' id='word_1_53' title='bbox 800 941 925 1000; x_wconf 92' lang='lat' dir='ltr'>cumque</span> <span class='ocrx_word' id='word_1_54' title='bbox 947 920 1022 982; x_wconf 89' lang='lat' dir='ltr'>talia</span> <span class='ocrx_word' id='word_1_55' title='bbox 1044 929 1107 982; x_wconf 92' lang='lat' dir='ltr'>tum</span> <span class='ocrx_word' id='word_1_56' title='bbox 1130 922 1247 983; x_wconf 92' lang='lat' dir='ltr'>demum</span> <span class='ocrx_word' id='word_1_57' title='bbox 1264 922 1481 999; x_wconf 77' lang='lat' dir='ltr'>adhibeantur,</span> 
     </span>
     <span class='ocr_line' id='line_1_8' title="bbox 220 1006 1479 1088; baseline -0.001 -16"><span class='ocrx_word' id='word_1_58' title='bbox 220 1032 287 1072; x_wconf 90' lang='lat' dir='ltr'>cum</span> <span class='ocrx_word' id='word_1_59' title='bbox 310 1009 398 1070; x_wconf 90' lang='lat' dir='ltr'>unius</span> <span class='ocrx_word' id='word_1_60' title='bbox 421 1007 504 1069; x_wconf 85' lang='lat' dir='ltr'>verbi</span> <span class='ocrx_word' id='word_1_61' title='bbox 523 1006 680 1068; x_wconf 82' lang='lat' dir='ltr'><strong>translatio</strong></span> <span class='ocrx_word' id='word_1_62' title='bbox 710 1027 806 1086; x_wconf 90' lang='lat' dir='ltr'>paene</span> <span class='ocrx_word' id='word_1_63' title='bbox 835 1027 953 1068; x_wconf 91' lang='lat' dir='ltr'>omnem</span> <span class='ocrx_word' id='word_1_64' title='bbox 981 1007 1069 1068; x_wconf 90' lang='lat' dir='ltr'>huius</span> <span class='ocrx_word' id='word_1_65' title='bbox 1099 1009 1176 1088; x_wconf 90' lang='lat' dir='ltr'>tropi</span> <span class='ocrx_word' id='word_1_66' title='bbox 1205 1009 1268 1072; x_wconf 91' lang='lat' dir='ltr'>vim</span> <span class='ocrx_word' id='word_1_67' title='bbox 1290 1009 1392 1071; x_wconf 89' lang='lat' dir='ltr'>crebro</span> <span class='ocrx_word' id='word_1_68' title='bbox 1414 1031 1479 1072; x_wconf 88' lang='lat' dir='ltr'>usn</span> 
     </span>
     <span class='ocr_line' id='line_1_9' title="bbox 219 1092 1478 1176; baseline 0.001 -20"><span class='ocrx_word' id='word_1_69' title='bbox 219 1096 356 1176; x_wconf 86' lang='lat' dir='ltr'>perdidit,</span> <span class='ocrx_word' id='word_1_70' title='bbox 380 1103 414 1156; x_wconf 95' lang='lat' dir='ltr'>ut</span> <span class='ocrx_word' id='word_1_71' title='bbox 436 1102 526 1174; x_wconf 90' lang='lat' dir='ltr'>caput</span> <span class='ocrx_word' id='word_1_72' title='bbox 547 1093 649 1154; x_wconf 92' lang='lat' dir='ltr'>multis</span> <span class='ocrx_word' id='word_1_73' title='bbox 678 1092 738 1152; x_wconf 89' lang='lat' dir='ltr'>iam</span> <span class='ocrx_word' id='word_1_74' title='bbox 767 1093 839 1153; x_wconf 89' lang='lat' dir='ltr'>locis</span> <span class='ocrx_word' id='word_1_75' title='bbox 870 1094 948 1155; x_wconf 93' lang='lat' dir='ltr'>idem</span> <span class='ocrx_word' id='word_1_76' title='bbox 970 1093 1070 1157; x_wconf 84' lang='lat' dir='ltr'>valere</span> <span class='ocrx_word' id='word_1_77' title='bbox 1091 1095 1209 1157; x_wconf 89' lang='lat' dir='ltr'>videtur</span> <span class='ocrx_word' id='word_1_78' title='bbox 1230 1096 1309 1176; x_wconf 92' lang='lat' dir='ltr'>quod</span> <span class='ocrx_word' id='word_1_79' title='bbox 1331 1095 1398 1156; x_wconf 85' lang='lat' dir='ltr'>fons</span> <span class='ocrx_word' id='word_1_80' title='bbox 1421 1098 1478 1159; x_wconf 87' lang='lat' dir='ltr'>vel</span> 
     </span>
     <span class='ocr_line' id='line_1_10' title="bbox 219 1178 1479 1261; baseline -0.001 -16"><span class='ocrx_word' id='word_1_81' title='bbox 219 1184 302 1245; x_wconf 89' lang='lat' dir='ltr'>sedes</span> <span class='ocrx_word' id='word_1_82' title='bbox 324 1181 372 1244; x_wconf 85' lang='lat' dir='ltr'>vel</span> <span class='ocrx_word' id='word_1_83' title='bbox 395 1180 490 1242; x_wconf 90' lang='lat' dir='ltr'>simile</span> <span class='ocrx_word' id='word_1_84' title='bbox 513 1179 641 1259; x_wconf 92' lang='lat' dir='ltr'>aliquid,</span> <span class='ocrx_word' id='word_1_85' title='bbox 672 1178 704 1238; x_wconf 93' lang='lat' dir='ltr'>in</span> <span class='ocrx_word' id='word_1_86' title='bbox 725 1179 897 1240; x_wconf 88' lang='lat' dir='ltr'>universum</span> <span class='ocrx_word' id='word_1_87' title='bbox 918 1181 975 1242; x_wconf 93' lang='lat' dir='ltr'>hoc</span> <span class='ocrx_word' id='word_1_88' title='bbox 996 1181 1236 1261; x_wconf 87' lang='lat' dir='ltr'>praecipiendum</span> <span class='ocrx_word' id='word_1_89' title='bbox 1259 1202 1322 1243; x_wconf 89' lang='lat' dir='ltr'>esse</span> <span class='ocrx_word' id='word_1_90' title='bbox 1343 1182 1479 1258; x_wconf 84' lang='lat' dir='ltr'>videtur,</span> 
     </span>
     <span class='ocr_line' id='line_1_11' title="bbox 219 1264 1479 1347; baseline 0.001 -17"><span class='ocrx_word' id='word_1_91' title='bbox 219 1277 253 1331; x_wconf 93' lang='lat' dir='ltr'>ut</span> <span class='ocrx_word' id='word_1_92' title='bbox 274 1269 305 1329; x_wconf 94' lang='lat' dir='ltr'>in</span> <span class='ocrx_word' id='word_1_93' title='bbox 328 1268 434 1341; x_wconf 88' lang='lat' dir='ltr'>verbis,</span> <span class='ocrx_word' id='word_1_94' title='bbox 458 1287 534 1347; x_wconf 89' lang='lat' dir='ltr'>quae</span> <span class='ocrx_word' id='word_1_95' title='bbox 556 1267 633 1327; x_wconf 92' lang='lat' dir='ltr'>inter</span> <span class='ocrx_word' id='word_1_96' title='bbox 655 1285 685 1326; x_wconf 90' lang='lat' dir='ltr'>se</span> <span class='ocrx_word' id='word_1_97' title='bbox 707 1264 830 1326; x_wconf 91' lang='lat' dir='ltr'>alteram</span> <span class='ocrx_word' id='word_1_98' title='bbox 855 1287 893 1327; x_wconf 85' lang='lat' dir='ltr'>ex</span> <span class='ocrx_word' id='word_1_99' title='bbox 908 1265 1000 1328; x_wconf 86' lang='lat' dir='ltr'>altero</span> <span class='ocrx_word' id='word_1_100' title='bbox 1013 1267 1151 1347; x_wconf 90' lang='lat' dir='ltr'>pendent,</span> <span class='ocrx_word' id='word_1_101' title='bbox 1174 1268 1377 1329; x_wconf 80' lang='lat' dir='ltr'>translationis</span> <span class='ocrx_word' id='word_1_102' title='bbox 1392 1271 1479 1331; x_wconf 90' lang='lat' dir='ltr'>ratio</span> 
     </span>
     <span class='ocr_line' id='line_1_12' title="bbox 220 1352 1480 1436; baseline 0.001 -19"><span class='ocrx_word' id='word_1_103' title='bbox 220 1355 368 1418; x_wconf 87' lang='lat' dir='ltr'>servanda</span> <span class='ocrx_word' id='word_1_104' title='bbox 390 1354 435 1416; x_wconf 90' lang='lat' dir='ltr'>sit.</span> <span class='ocrx_word' id='word_1_105' title='bbox 480 1353 531 1414; x_wconf 87' lang='lat' dir='ltr'>Ab</span> <span class='ocrx_word' id='word_1_106' title='bbox 554 1353 692 1414; x_wconf 87' lang='lat' dir='ltr'>omnibus</span> <span class='ocrx_word' id='word_1_107' title='bbox 713 1372 799 1431; x_wconf 90' lang='lat' dir='ltr'>porro</span> <span class='ocrx_word' id='word_1_108' title='bbox 821 1352 1050 1432; x_wconf 87' lang='lat' dir='ltr'>technographis</span> <span class='ocrx_word' id='word_1_109' title='bbox 1072 1355 1297 1432; x_wconf 82' lang='lat' dir='ltr'>praescribitur,</span> <span class='ocrx_word' id='word_1_110' title='bbox 1320 1375 1359 1416; x_wconf 90' lang='lat' dir='ltr'>ne</span> <span class='ocrx_word' id='word_1_111' title='bbox 1381 1355 1480 1436; x_wconf 83' lang='lat' dir='ltr'>longe</span> 
     </span>
     <span class='ocr_line' id='line_1_13' title="bbox 220 1438 1478 1528; baseline 0.001 -25"><span class='ocrx_word' id='word_1_112' title='bbox 220 1443 259 1504; x_wconf 90' lang='lat' dir='ltr'>sit</span> <span class='ocrx_word' id='word_1_113' title='bbox 280 1441 376 1503; x_wconf 90' lang='lat' dir='ltr'>simile</span> <span class='ocrx_word' id='word_1_114' title='bbox 397 1441 528 1514; x_wconf 89' lang='lat' dir='ltr'>ductum,</span> <span class='ocrx_word' id='word_1_115' title='bbox 558 1460 597 1500; x_wconf 94' lang='lat' dir='ltr'>ne</span> <span class='ocrx_word' id='word_1_116' title='bbox 618 1438 735 1518; x_wconf 86' lang='lat' dir='ltr'>longius</span> <span class='ocrx_word' id='word_1_117' title='bbox 765 1438 923 1528; x_wconf 80' lang='lat' dir='ltr'>trahantur</span> <span class='ocrx_word' id='word_1_118' title='bbox 945 1440 1007 1501; x_wconf 88' lang='lat' dir='ltr'>sive</span> <span class='ocrx_word' id='word_1_119' title='bbox 1029 1440 1237 1502; x_wconf 84' lang='lat' dir='ltr'>continuentur</span> <span class='ocrx_word' id='word_1_120' title='bbox 1261 1441 1478 1504; x_wconf 83' lang='lat' dir='ltr'>translationes</span> 
     </span>
     <span class='ocr_line' id='line_1_14' title="bbox 218 1525 1118 1606; baseline -0.003 -15"><span class='ocrx_word' id='word_1_121' title='bbox 218 1529 346 1602; x_wconf 91' lang='lat' dir='ltr'>eaedem,</span> <span class='ocrx_word' id='word_1_122' title='bbox 369 1548 407 1588; x_wconf 94' lang='lat' dir='ltr'>ne</span> <span class='ocrx_word' id='word_1_123' title='bbox 428 1527 460 1587; x_wconf 92' lang='lat' dir='ltr'>in</span> <span class='ocrx_word' id='word_1_124' title='bbox 483 1525 640 1606; x_wconf 83' lang='lat' dir='ltr'>allegorias</span> <span class='ocrx_word' id='word_1_125' title='bbox 662 1533 692 1586; x_wconf 89' lang='lat' dir='ltr'>et</span> <span class='ocrx_word' id='word_1_126' title='bbox 714 1525 884 1604; x_wconf 85' lang='lat' dir='ltr'>aenigmata</span> <span class='ocrx_word' id='word_1_127' title='bbox 906 1535 993 1587; x_wconf 83' lang='lat' dir='ltr'>exeat</span> <span class='ocrx_word' id='word_1_128' title='bbox 1016 1527 1118 1588; x_wconf 89' lang='lat' dir='ltr'>oratio.</span> 
     </span>
    </p>

    <p class='ocr_par' dir='ltr' id='par_1_4' title="bbox 207 1611 1477 4196">
     <span class='ocr_line' id='line_1_15' title="bbox 326 1611 1475 1698; baseline 0.003 -23"><span class='ocrx_word' id='word_1_129' title='bbox 326 1614 509 1676; x_wconf 91' lang='lat' dir='ltr'>Addendum</span> <span class='ocrx_word' id='word_1_130' title='bbox 531 1613 621 1673; x_wconf 89' lang='lat' dir='ltr'>etiam</span> <span class='ocrx_word' id='word_1_131' title='bbox 642 1612 767 1685; x_wconf 88' lang='lat' dir='ltr'>videtur,</span> <span class='ocrx_word' id='word_1_132' title='bbox 789 1612 868 1691; x_wconf 91' lang='lat' dir='ltr'>quod</span> <span class='ocrx_word' id='word_1_133' title='bbox 889 1611 1175 1698; x_wconf 79' lang='lat' dir='ltr'>Fortunatianus⁸¹)</span> <span class='ocrx_word' id='word_1_134' title='bbox 1193 1614 1278 1676; x_wconf 89' lang='lat' dir='ltr'>dicit:</span> <span class='ocrx_word' id='word_1_135' title='bbox 1301 1616 1475 1696; x_wconf 80' lang='lat' dir='ltr'>siquando</span> 
     </span>
     <span class='ocr_line' id='line_1_16' title="bbox 221 1699 1476 1782; baseline -0.002 -18"><span class='ocrx_word' id='word_1_136' title='bbox 221 1703 385 1764; x_wconf 88' lang='lat' dir='ltr'>audentius</span> <span class='ocrx_word' id='word_1_137' title='bbox 407 1699 533 1762; x_wconf 82' lang='lat' dir='ltr'>verbum</span> <span class='ocrx_word' id='word_1_138' title='bbox 555 1699 682 1780; x_wconf 81' lang='lat' dir='ltr'>aliquod</span> <span class='ocrx_word' id='word_1_139' title='bbox 704 1700 939 1779; x_wconf 67' lang='lat' dir='ltr'>transforarent,</span> <span class='ocrx_word' id='word_1_140' title='bbox 972 1721 1010 1760; x_wconf 90' lang='lat' dir='ltr'>nc</span> <span class='ocrx_word' id='word_1_141' title='bbox 1035 1703 1168 1762; x_wconf 49' lang='lat' dir='ltr'>omnino*</span> <span class='ocrx_word' id='word_1_142' title='bbox 1175 1719 1328 1782; x_wconf 87' lang='lat' dir='ltr'>praeceps</span> <span class='ocrx_word' id='word_1_143' title='bbox 1351 1701 1476 1782; x_wconf 87' lang='lat' dir='ltr'>abrup-</span> 
     </span>
     <span class='ocr_line' id='line_1_17' title="bbox 219 1779 1477 1871; baseline -0.001 -21"><span class='ocrx_word' id='word_1_144' title='bbox 219 1794 342 1871; x_wconf 84' lang='lat' dir='ltr'>tumque</span> <span class='ocrx_word' id='word_1_145' title='bbox 364 1787 524 1860; x_wconf 85' lang='lat' dir='ltr'>videatur,</span> <span class='ocrx_word' id='word_1_146' title='bbox 555 1779 661 1866; x_wconf 82' lang='lat' dir='ltr'>aliquo</span> <span class='ocrx_word' id='word_1_147' title='bbox 698 1785 917 1847; x_wconf 81' lang='lat' dir='ltr'>verecundiore</span> <span class='ocrx_word' id='word_1_148' title='bbox 948 1785 1134 1848; x_wconf 86' lang='lat' dir='ltr'>adminiculo</span> <span class='ocrx_word' id='word_1_149' title='bbox 1149 1787 1325 1867; x_wconf 79' lang='lat' dir='ltr'>fulciemus,</span> <span class='ocrx_word' id='word_1_150' title='bbox 1380 1787 1477 1850; x_wconf 87' lang='lat' dir='ltr'>Talia</span> 
     </span>
     <span class='ocr_line' id='line_1_18' title="bbox 219 1864 1474 1953; baseline -0.001 -16"><span class='ocrx_word' id='word_1_151' title='bbox 219 1883 319 1936; x_wconf 90' lang='lat' dir='ltr'>autem</span> <span class='ocrx_word' id='word_1_152' title='bbox 343 1873 487 1934; x_wconf 89' lang='lat' dir='ltr'>audaciae</span> <span class='ocrx_word' id='word_1_153' title='bbox 508 1872 639 1932; x_wconf 90' lang='lat' dir='ltr'>remedia</span> <span class='ocrx_word' id='word_1_154' title='bbox 666 1891 729 1932; x_wconf 89' lang='lat' dir='ltr'>esse</span> <span class='ocrx_word' id='word_1_155' title='bbox 751 1870 890 1932; x_wconf 88' lang='lat' dir='ltr'>dicuntur</span> <span class='ocrx_word' id='word_1_156' title='bbox 912 1871 1053 1933; x_wconf 89' lang='lat' dir='ltr'>dictiones</span> <span class='ocrx_word' id='word_1_157' title='bbox 1075 1864 1196 1951; x_wconf 76' lang='lat' dir='ltr'>paene,</span> <span class='ocrx_word' id='word_1_158' title='bbox 1218 1874 1348 1953; x_wconf 89' lang='lat' dir='ltr'>quodam</span> <span class='ocrx_word' id='word_1_159' title='bbox 1370 1875 1474 1950; x_wconf 88' lang='lat' dir='ltr'>moda,</span> 
     </span>
     <span class='ocr_line' id='line_1_19' title="bbox 217 1949 1475 2041; baseline 0.002 -21"><span class='ocrx_word' id='word_1_160' title='bbox 217 1981 308 2041; x_wconf 89' lang='lat' dir='ltr'>prope</span> <span class='ocrx_word' id='word_1_161' title='bbox 331 1959 464 2033; x_wconf 87' lang='lat' dir='ltr'>dixerim,</span> <span class='ocrx_word' id='word_1_162' title='bbox 488 1959 583 2019; x_wconf 74' lang='lat' dir='ltr'>ausnn</span> <span class='ocrx_word' id='word_1_163' title='bbox 606 1949 768 2037; x_wconf 72' lang='lat' dir='ltr'>dicere‘82),</span> <span class='ocrx_word' id='word_1_164' title='bbox 791 1958 867 2018; x_wconf 91' lang='lat' dir='ltr'>adde</span> <span class='ocrx_word' id='word_1_165' title='bbox 888 1949 1010 2021; x_wconf 70' lang='lat' dir='ltr'>‘adea&#39;.</span> <span class='ocrx_word' id='word_1_166' title='bbox 1053 1959 1169 2020; x_wconf 92' lang='lat' dir='ltr'>Verum</span> <span class='ocrx_word' id='word_1_167' title='bbox 1190 1959 1264 2021; x_wconf 91' lang='lat' dir='ltr'>haec</span> <span class='ocrx_word' id='word_1_168' title='bbox 1286 1960 1475 2022; x_wconf 88' lang='lat' dir='ltr'>adminicula</span> 
     </span>
     <span class='ocr_line' id='line_1_20' title="bbox 217 2043 1474 2125; baseline 0.002 -19"><span class='ocrx_word' id='word_1_169' title='bbox 217 2068 278 2108; x_wconf 92' lang='lat' dir='ltr'>non</span> <span class='ocrx_word' id='word_1_170' title='bbox 302 2045 389 2106; x_wconf 92' lang='lat' dir='ltr'>modo</span> <span class='ocrx_word' id='word_1_171' title='bbox 412 2045 444 2105; x_wconf 93' lang='lat' dir='ltr'>in</span> <span class='ocrx_word' id='word_1_172' title='bbox 466 2053 670 2124; x_wconf 88' lang='lat' dir='ltr'>campartem</span> <span class='ocrx_word' id='word_1_173' title='bbox 692 2043 802 2117; x_wconf 85' lang='lat' dir='ltr'>valent,</span> <span class='ocrx_word' id='word_1_174' title='bbox 825 2054 859 2104; x_wconf 93' lang='lat' dir='ltr'>ut</span> <span class='ocrx_word' id='word_1_175' title='bbox 877 2043 976 2106; x_wconf 78' lang='lat' dir='ltr'>durior</span> <span class='ocrx_word' id='word_1_176' title='bbox 998 2044 1100 2124; x_wconf 90' lang='lat' dir='ltr'>aliqua</span> <span class='ocrx_word' id='word_1_177' title='bbox 1119 2045 1294 2125; x_wconf 86' lang='lat' dir='ltr'>metaphora</span> <span class='ocrx_word' id='word_1_178' title='bbox 1308 2045 1474 2122; x_wconf 88' lang='lat' dir='ltr'>molliatur,</span> 
     </span>
     <span class='ocr_line' id='line_1_21' title="bbox 219 2130 1473 2211; baseline 0 -17"><span class='ocrx_word' id='word_1_179' title='bbox 219 2133 270 2194; x_wconf 90' lang='lat' dir='ltr'>sed</span> <span class='ocrx_word' id='word_1_180' title='bbox 294 2133 385 2194; x_wconf 89' lang='lat' dir='ltr'>etiam</span> <span class='ocrx_word' id='word_1_181' title='bbox 407 2152 473 2192; x_wconf 90' lang='lat' dir='ltr'>eam</span> <span class='ocrx_word' id='word_1_182' title='bbox 495 2130 608 2192; x_wconf 88' lang='lat' dir='ltr'>habent</span> <span class='ocrx_word' id='word_1_183' title='bbox 629 2131 707 2205; x_wconf 87' lang='lat' dir='ltr'>vim,</span> <span class='ocrx_word' id='word_1_184' title='bbox 739 2137 773 2190; x_wconf 89' lang='lat' dir='ltr'>ut</span> <span class='ocrx_word' id='word_1_185' title='bbox 801 2130 827 2190; x_wconf 92' lang='lat' dir='ltr'>si</span> <span class='ocrx_word' id='word_1_186' title='bbox 849 2131 897 2190; x_wconf 88' lang='lat' dir='ltr'>cai</span> <span class='ocrx_word' id='word_1_187' title='bbox 917 2132 1024 2205; x_wconf 83' lang='lat' dir='ltr'>verbo,</span> <span class='ocrx_word' id='word_1_188' title='bbox 1054 2131 1137 2192; x_wconf 87' lang='lat' dir='ltr'>ouius</span> <span class='ocrx_word' id='word_1_189' title='bbox 1166 2153 1261 2211; x_wconf 90' lang='lat' dir='ltr'>paene</span> <span class='ocrx_word' id='word_1_190' title='bbox 1290 2133 1385 2194; x_wconf 89' lang='lat' dir='ltr'>omnis</span> <span class='ocrx_word' id='word_1_191' title='bbox 1408 2134 1473 2194; x_wconf 90' lang='lat' dir='ltr'>iam</span> 
     </span>
     <span class='ocr_line' id='line_1_22' title="bbox 216 2216 1476 2298; baseline 0.002 -18"><span class='ocrx_word' id='word_1_192' title='bbox 216 2219 423 2280; x_wconf 87' lang='lat' dir='ltr'>translationis</span> <span class='ocrx_word' id='word_1_193' title='bbox 446 2225 588 2280; x_wconf 88' lang='lat' dir='ltr'>venustas</span> <span class='ocrx_word' id='word_1_194' title='bbox 611 2217 712 2278; x_wconf 89' lang='lat' dir='ltr'>crebro</span> <span class='ocrx_word' id='word_1_195' title='bbox 734 2237 791 2277; x_wconf 91' lang='lat' dir='ltr'>usu</span> <span class='ocrx_word' id='word_1_196' title='bbox 814 2216 946 2279; x_wconf 90' lang='lat' dir='ltr'>delibata</span> <span class='ocrx_word' id='word_1_197' title='bbox 961 2238 1024 2280; x_wconf 89' lang='lat' dir='ltr'>esse</span> <span class='ocrx_word' id='word_1_198' title='bbox 1036 2218 1161 2293; x_wconf 86' lang='lat' dir='ltr'>videtur,</span> <span class='ocrx_word' id='word_1_199' title='bbox 1184 2228 1381 2298; x_wconf 88' lang='lat' dir='ltr'>apponuntur,</span> <span class='ocrx_word' id='word_1_200' title='bbox 1395 2220 1476 2282; x_wconf 90' lang='lat' dir='ltr'>haec</span> 
     </span>
     <span class='ocr_line' id='line_1_23' title="bbox 217 2302 1476 2387; baseline 0.002 -21"><span class='ocrx_word' id='word_1_201' title='bbox 217 2307 303 2386; x_wconf 89' lang='lat' dir='ltr'>quasi</span> <span class='ocrx_word' id='word_1_202' title='bbox 326 2305 501 2377; x_wconf 89' lang='lat' dir='ltr'>reviviscat;</span> <span class='ocrx_word' id='word_1_203' title='bbox 532 2312 566 2364; x_wconf 90' lang='lat' dir='ltr'>ut</span> <span class='ocrx_word' id='word_1_204' title='bbox 586 2303 618 2362; x_wconf 92' lang='lat' dir='ltr'>in</span> <span class='ocrx_word' id='word_1_205' title='bbox 641 2303 701 2365; x_wconf 84' lang='lat' dir='ltr'>Cic.</span> <span class='ocrx_word' id='word_1_206' title='bbox 723 2302 779 2364; x_wconf 93' lang='lat' dir='ltr'>Ph.</span> <span class='ocrx_word' id='word_1_207' title='bbox 802 2303 850 2378; x_wconf 90' lang='lat' dir='ltr'>X,</span> <span class='ocrx_word' id='word_1_208' title='bbox 884 2309 983 2366; x_wconf 72' lang='lat' dir='ltr'>deur</span> <span class='ocrx_word' id='word_1_209' title='bbox 1017 2323 1084 2378; x_wconf 89' lang='lat' dir='ltr'>eos,</span> <span class='ocrx_word' id='word_1_210' title='bbox 1108 2324 1184 2386; x_wconf 86' lang='lat' dir='ltr'>qnos</span> <span class='ocrx_word' id='word_1_211' title='bbox 1201 2325 1304 2387; x_wconf 86' lang='lat' dir='ltr'>paone</span> <span class='ocrx_word' id='word_1_212' title='bbox 1327 2311 1476 2368; x_wconf 85' lang='lat' dir='ltr'>uenerari</span> 
     </span>
     <span class='ocr_line' id='line_1_24' title="bbox 218 2381 1473 2473; baseline -0.002 -18"><span class='ocrx_word' id='word_1_213' title='bbox 218 2393 369 2470; x_wconf 81' lang='lat' dir='ltr'>debemus,</span> <span class='ocrx_word' id='word_1_214' title='bbox 393 2391 475 2454; x_wconf 89' lang='lat' dir='ltr'>solus</span> <span class='ocrx_word' id='word_1_215' title='bbox 498 2410 657 2473; x_wconf 79' lang='lat' dir='ltr'>oppnpnas</span> <span class='ocrx_word' id='word_1_216' title='bbox 680 2390 781 2451; x_wconf 88' lang='lat' dir='ltr'>addito</span> <span class='ocrx_word' id='word_1_217' title='bbox 807 2389 898 2452; x_wconf 89' lang='lat' dir='ltr'>verbo</span> <span class='ocrx_word' id='word_1_218' title='bbox 912 2383 1025 2470; x_wconf 84' lang='lat' dir='ltr'>‘paene’</span> <span class='ocrx_word' id='word_1_219' title='bbox 1041 2391 1223 2465; x_wconf 88' lang='lat' dir='ltr'>admonetur,</span> <span class='ocrx_word' id='word_1_220' title='bbox 1245 2381 1473 2455; x_wconf 79' lang='lat' dir='ltr'>hoc‘venerari&#39;</span> 
     </span>
     <span class='ocr_line' id='line_1_25' title="bbox 215 2476 1474 2577; baseline 0.001 -37"><span class='ocrx_word' id='word_1_221' title='bbox 215 2480 333 2560; x_wconf 90' lang='lat' dir='ltr'>proprie</span> <span class='ocrx_word' id='word_1_222' title='bbox 362 2479 399 2540; x_wconf 92' lang='lat' dir='ltr'>de</span> <span class='ocrx_word' id='word_1_223' title='bbox 426 2478 488 2538; x_wconf 89' lang='lat' dir='ltr'>deis</span> <span class='ocrx_word' id='word_1_224' title='bbox 518 2477 671 2577; x_wconf 89' lang='lat' dir='ltr'>usurpari,</span> <span class='ocrx_word' id='word_1_225' title='bbox 698 2477 788 2538; x_wconf 86' lang='lat' dir='ltr'>etiam</span> <span class='ocrx_word' id='word_1_226' title='bbox 810 2477 842 2536; x_wconf 89' lang='lat' dir='ltr'>in</span> <span class='ocrx_word' id='word_1_227' title='bbox 864 2476 981 2539; x_wconf 86' lang='lat' dir='ltr'>Cluent.</span> <span class='ocrx_word' id='word_1_228' title='bbox 1005 2483 1045 2540; x_wconf 83' lang='lat'>63</span> <span class='ocrx_word' id='word_1_229' title='bbox 1074 2483 1176 2539; x_wconf 86' lang='lat' dir='ltr'>nestra</span> <span class='ocrx_word' id='word_1_230' title='bbox 1200 2481 1371 2560; x_wconf 71' lang='lat' dir='ltr'>expectatio</span> <span class='ocrx_word' id='word_1_231' title='bbox 1394 2480 1474 2541; x_wconf 83' lang='lat' dir='ltr'>nttt</span> 
     </span>
     <span class='ocr_line' id='line_1_26' title="bbox 217 2556 1472 2648; baseline -0.002 -18"><span class='ocrx_word' id='word_1_232' title='bbox 217 2566 339 2648; x_wconf 82' lang='lat' dir='ltr'>obloqui</span> <span class='ocrx_word' id='word_1_233' title='bbox 362 2567 483 2628; x_wconf 80' lang='lat' dir='ltr'>ridetur·</span> <span class='ocrx_word' id='word_1_234' title='bbox 504 2585 576 2627; x_wconf 88' lang='lat' dir='ltr'>voce</span> <span class='ocrx_word' id='word_1_235' title='bbox 608 2556 733 2626; x_wconf 80' lang='lat' dir='ltr'>videtur&#39;</span> <span class='ocrx_word' id='word_1_236' title='bbox 753 2563 948 2624; x_wconf 87' lang='lat' dir='ltr'>transferendi</span> <span class='ocrx_word' id='word_1_237' title='bbox 970 2565 1046 2625; x_wconf 88' lang='lat' dir='ltr'>ratio</span> <span class='ocrx_word' id='word_1_238' title='bbox 1060 2564 1090 2623; x_wconf 90' lang='lat' dir='ltr'>in</span> <span class='ocrx_word' id='word_1_239' title='bbox 1105 2563 1196 2626; x_wconf 90' lang='lat' dir='ltr'>verbo</span> <span class='ocrx_word' id='word_1_240' title='bbox 1215 2556 1355 2645; x_wconf 81' lang='lat' dir='ltr'>‘obloqui‘</span> <span class='ocrx_word' id='word_1_241' title='bbox 1371 2567 1472 2644; x_wconf 84' lang='lat' dir='ltr'>magis</span> 
     </span>
     <span class='ocr_line' id='line_1_27' title="bbox 217 2649 1470 2732; baseline -0.002 -18"><span class='ocrx_word' id='word_1_242' title='bbox 217 2653 391 2732; x_wconf 86' lang='lat' dir='ltr'>exprimitur</span> <span class='ocrx_word' id='word_1_243' title='bbox 421 2660 451 2712; x_wconf 92' lang='lat' dir='ltr'>et</span> <span class='ocrx_word' id='word_1_244' title='bbox 480 2650 654 2711; x_wconf 87' lang='lat' dir='ltr'>illustratur.</span> <span class='ocrx_word' id='word_1_245' title='bbox 706 2649 811 2712; x_wconf 90' lang='lat' dir='ltr'>Omnis</span> <span class='ocrx_word' id='word_1_246' title='bbox 842 2670 912 2711; x_wconf 88' lang='lat' dir='ltr'>vero</span> <span class='ocrx_word' id='word_1_247' title='bbox 947 2649 1138 2730; x_wconf 87' lang='lat' dir='ltr'>metaphorae</span> <span class='ocrx_word' id='word_1_248' title='bbox 1172 2651 1298 2713; x_wconf 88' lang='lat' dir='ltr'>audacia</span> <span class='ocrx_word' id='word_1_249' title='bbox 1331 2672 1470 2731; x_wconf 90' lang='lat' dir='ltr'>compen-</span> 
     </span>
     <span class='ocr_line' id='line_1_28' title="bbox 217 2735 1470 2816; baseline -0.002 -16"><span class='ocrx_word' id='word_1_250' title='bbox 217 2749 306 2813; x_wconf 88' lang='lat' dir='ltr'>satur,</span> <span class='ocrx_word' id='word_1_251' title='bbox 331 2747 383 2799; x_wconf 89' lang='lat' dir='ltr'>aut</span> <span class='ocrx_word' id='word_1_252' title='bbox 405 2738 430 2798; x_wconf 92' lang='lat' dir='ltr'>si</span> <span class='ocrx_word' id='word_1_253' title='bbox 452 2737 634 2816; x_wconf 88' lang='lat' dir='ltr'>comparatio</span> <span class='ocrx_word' id='word_1_254' title='bbox 655 2735 805 2815; x_wconf 89' lang='lat' dir='ltr'>praecedit</span> <span class='ocrx_word' id='word_1_255' title='bbox 828 2745 880 2797; x_wconf 91' lang='lat' dir='ltr'>aut</span> <span class='ocrx_word' id='word_1_256' title='bbox 902 2735 927 2796; x_wconf 90' lang='lat' dir='ltr'>si</span> <span class='ocrx_word' id='word_1_257' title='bbox 947 2737 979 2796; x_wconf 92' lang='lat' dir='ltr'>id</span> <span class='ocrx_word' id='word_1_258' title='bbox 1001 2736 1133 2811; x_wconf 89' lang='lat' dir='ltr'>verbum,</span> <span class='ocrx_word' id='word_1_259' title='bbox 1156 2737 1236 2816; x_wconf 87' lang='lat' dir='ltr'>quod</span> <span class='ocrx_word' id='word_1_260' title='bbox 1250 2738 1395 2799; x_wconf 87' lang='lat' dir='ltr'>translate</span> <span class='ocrx_word' id='word_1_261' title='bbox 1416 2739 1470 2798; x_wconf 88' lang='lat' dir='ltr'>ad-</span> 
     </span>
     <span class='ocr_line' id='line_1_29' title="bbox 216 2821 1471 2904; baseline 0.001 -19"><span class='ocrx_word' id='word_1_262' title='bbox 216 2825 342 2899; x_wconf 89' lang='lat' dir='ltr'>hibetur,</span> <span class='ocrx_word' id='word_1_263' title='bbox 360 2824 489 2904; x_wconf 91' lang='lat' dir='ltr'>primum</span> <span class='ocrx_word' id='word_1_264' title='bbox 511 2823 628 2903; x_wconf 88' lang='lat' dir='ltr'>proprie</span> <span class='ocrx_word' id='word_1_265' title='bbox 649 2822 773 2897; x_wconf 86' lang='lat' dir='ltr'>dicitur,</span> <span class='ocrx_word' id='word_1_266' title='bbox 803 2821 910 2883; x_wconf 88' lang='lat' dir='ltr'>deinde</span> <span class='ocrx_word' id='word_1_267' title='bbox 931 2844 998 2884; x_wconf 90' lang='lat' dir='ltr'>eum</span> <span class='ocrx_word' id='word_1_268' title='bbox 1020 2823 1134 2884; x_wconf 90' lang='lat' dir='ltr'>ratione</span> <span class='ocrx_word' id='word_1_269' title='bbox 1155 2823 1347 2903; x_wconf 89' lang='lat' dir='ltr'>oppositionis</span> <span class='ocrx_word' id='word_1_270' title='bbox 1371 2832 1471 2886; x_wconf 75' lang='lat' dir='ltr'>nans-</span> 
     </span>
     <span class='ocr_line' id='line_1_30' title="bbox 216 2902 1472 2992; baseline 0.002 -19"><span class='ocrx_word' id='word_1_271' title='bbox 216 2912 315 2986; x_wconf 88' lang='lat' dir='ltr'>fertur,</span> <span class='ocrx_word' id='word_1_272' title='bbox 338 2919 372 2971; x_wconf 91' lang='lat' dir='ltr'>ut</span> <span class='ocrx_word' id='word_1_273' title='bbox 394 2932 440 2990; x_wconf 89' lang='lat' dir='ltr'>ap.</span> <span class='ocrx_word' id='word_1_274' title='bbox 463 2911 550 2971; x_wconf 88' lang='lat' dir='ltr'>Dem.</span> <span class='ocrx_word' id='word_1_275' title='bbox 572 2909 664 2983; x_wconf 90' lang='lat' dir='ltr'>XIX,</span> <span class='ocrx_word' id='word_1_276' title='bbox 690 2914 751 2972; x_wconf 85' lang='lat'>289</span> <span class='ocrx_word' id='word_1_277' title='bbox 775 2903 1028 2992; x_wconf 76' lang='grc' dir='ltr'>περιερχόμεθα</span> <span class='ocrx_word' id='word_1_278' title='bbox 1053 2902 1335 2986; x_wconf 73' lang='grc' dir='ltr'><strong><em>ὠτακουστοῦντες</em></strong></span> <span class='ocrx_word' id='word_1_279' title='bbox 1354 2947 1393 2954; x_wconf 93' lang='grc'>-</span> <span class='ocrx_word' id='word_1_280' title='bbox 1410 2917 1472 2976; x_wconf 83' lang='grc' dir='ltr'>ποῖ</span> 
     </span>
     <span class='ocr_line' id='line_1_31' title="bbox 216 2987 1472 3083; baseline -0.001 -21"><span class='ocrx_word' id='word_1_281' title='bbox 216 2987 353 3083; x_wconf 72' lang='lat' dir='ltr'>ariorici</span> <span class='ocrx_word' id='word_1_282' title='bbox 375 3003 427 3078; x_wconf 73' lang='lat' dir='ltr'>a,</span> <span class='ocrx_word' id='word_1_283' title='bbox 450 2997 490 3080; x_wconf 83' lang='grc' dir='ltr'>ζῇ</span> <span class='ocrx_word' id='word_1_284' title='bbox 514 2987 534 3080; x_wconf 82' lang='grc' dir='ltr'>ἢ</span> <span class='ocrx_word' id='word_1_285' title='bbox 555 2991 752 3079; x_wconf 68' lang='grc' dir='ltr'><strong><em>τέθνηκεν.</em></strong></span> <span class='ocrx_word' id='word_1_286' title='bbox 781 2988 842 3080; x_wconf 74' lang='grc' dir='ltr'>ἐγώ</span> <span class='ocrx_word' id='word_1_287' title='bbox 866 2992 902 3058; x_wconf 79' lang='grc' dir='ltr'>δὲ</span> <span class='ocrx_word' id='word_1_288' title='bbox 925 2992 961 3060; x_wconf 80' lang='lat' dir='ltr'>ori</span> <span class='ocrx_word' id='word_1_289' title='bbox 984 2993 1121 3061; x_wconf 80' lang='grc' dir='ltr'><strong><em>δέδοικα</em></strong></span> <span class='ocrx_word' id='word_1_290' title='bbox 1144 2992 1174 3059; x_wconf 86' lang='grc' dir='ltr'>εἰ</span> <span class='ocrx_word' id='word_1_291' title='bbox 1202 3003 1241 3062; x_wconf 79' lang='lat' dir='ltr'>d).</span> <span class='ocrx_word' id='word_1_292' title='bbox 1266 2993 1321 3083; x_wconf 78' lang='grc' dir='ltr'>ζῇ,</span> <span class='ocrx_word' id='word_1_293' title='bbox 1345 2988 1412 3061; x_wconf 80' lang='lat' dir='ltr'>a‘lt&#39;</span> <span class='ocrx_word' id='word_1_294' title='bbox 1437 2995 1472 3062; x_wconf 85' lang='grc' dir='ltr'>εἰ</span> 
     </span>
     <span class='ocr_line' id='line_1_32' title="bbox 215 3073 1472 3170; baseline -0.002 -22"><span class='ocrx_word' id='word_1_295' title='bbox 215 3085 272 3169; x_wconf 81' lang='grc' dir='ltr'>τῆς</span> <span class='ocrx_word' id='word_1_296' title='bbox 303 3075 430 3155; x_wconf 81' lang='grc' dir='ltr'><strong><em>πόλεως</em></strong></span> <span class='ocrx_word' id='word_1_297' title='bbox 457 3080 595 3166; x_wconf 65' lang='grc' dir='ltr'><strong><em>τέθνηκε</em></strong></span> <span class='ocrx_word' id='word_1_298' title='bbox 622 3074 659 3146; x_wconf 80' lang='grc' dir='ltr'>τὸ</span> <span class='ocrx_word' id='word_1_299' title='bbox 689 3073 763 3153; x_wconf 74' lang='grc' dir='ltr'>τούς</span> <span class='ocrx_word' id='word_1_300' title='bbox 794 3074 989 3159; x_wconf 77' lang='grc' dir='ltr'><strong><em>ἀδικοῦντας</em></strong></span> <span class='ocrx_word' id='word_1_301' title='bbox 1016 3087 1123 3163; x_wconf 82' lang='grc' dir='ltr'>μισεῖν</span> <span class='ocrx_word' id='word_1_302' title='bbox 1155 3081 1212 3146; x_wconf 85' lang='grc' dir='ltr'>καὶ</span> <span class='ocrx_word' id='word_1_303' title='bbox 1235 3087 1472 3170; x_wconf 76' lang='grc' dir='ltr'><strong><em>τιμωρεῖσθαι·</em></strong></span> 
     </span>
     <span class='ocr_line' id='line_1_33' title="bbox 216 3159 1469 3253; baseline 0 -20"><span class='ocrx_word' id='word_1_304' title='bbox 216 3173 252 3234; x_wconf 81' lang='lat' dir='ltr'>ct.</span> <span class='ocrx_word' id='word_1_305' title='bbox 275 3171 340 3245; x_wconf 93' lang='lat' dir='ltr'>IX,</span> <span class='ocrx_word' id='word_1_306' title='bbox 373 3175 411 3230; x_wconf 80' lang='lat'>17</span> <span class='ocrx_word' id='word_1_307' title='bbox 441 3159 637 3253; x_wconf 70' lang='grc' dir='ltr'><strong><em>μηχάνημα,</em></strong></span> <span class='ocrx_word' id='word_1_308' title='bbox 663 3168 794 3243; x_wconf 88' lang='lat' dir='ltr'>XVIII,</span> <span class='ocrx_word' id='word_1_309' title='bbox 826 3172 887 3232; x_wconf 82' lang='lat'>299</span> <span class='ocrx_word' id='word_1_310' title='bbox 910 3167 1084 3249; x_wconf 73' lang='grc' dir='ltr'><strong><em>τειχίζειν,</em></strong></span> <span class='ocrx_word' id='word_1_311' title='bbox 1111 3169 1143 3230; x_wconf 94' lang='lat' dir='ltr'>in</span> <span class='ocrx_word' id='word_1_312' title='bbox 1164 3169 1339 3232; x_wconf 84' lang='lat' dir='ltr'>Pantaenet</span> <span class='ocrx_word' id='word_1_313' title='bbox 1364 3173 1405 3232; x_wconf 84' lang='lat'>34</span> <span class='ocrx_word' id='word_1_314' title='bbox 1428 3164 1469 3233; x_wconf 80' lang='lat' dir='ltr'>ro</span> 
     </span>
     <span class='ocr_line' id='line_1_34' title="bbox 215 3250 1468 3344; baseline -0.004 -23"><span class='ocrx_word' id='word_1_315' title='bbox 215 3250 402 3344; x_wconf 74' lang='grc' dir='ltr'><strong><em>γιγνώσκειν</em></strong></span> <span class='ocrx_word' id='word_1_316' title='bbox 424 3251 608 3338; x_wconf 74' lang='grc' dir='ltr'><strong><em>ἐξαλεῖψαι,</em></strong></span> <span class='ocrx_word' id='word_1_317' title='bbox 631 3254 691 3316; x_wconf 87' lang='lat' dir='ltr'>Cic.</span> <span class='ocrx_word' id='word_1_318' title='bbox 713 3255 776 3316; x_wconf 89' lang='lat' dir='ltr'>har.</span> <span class='ocrx_word' id='word_1_319' title='bbox 795 3275 818 3316; x_wconf 88' lang='lat' dir='ltr'>r.</span> <span class='ocrx_word' id='word_1_320' title='bbox 843 3260 882 3318; x_wconf 82' lang='lat'>25</span> <span class='ocrx_word' id='word_1_321' title='bbox 907 3275 1038 3318; x_wconf 83' lang='lat' dir='ltr'>ananan</span> <span class='ocrx_word' id='word_1_322' title='bbox 1060 3257 1220 3338; x_wconf 79' lang='lat' dir='ltr'>apinin—</span> <span class='ocrx_word' id='word_1_323' title='bbox 1234 3258 1380 3318; x_wconf 76' lang='lat' dir='ltr'>crumina</span> <span class='ocrx_word' id='word_1_324' title='bbox 1401 3275 1468 3318; x_wconf 87' lang='lat' dir='ltr'>ser-</span> 
     </span>
     <span class='ocr_line' id='line_1_35' title="bbox 215 3341 1468 3423; baseline -0.002 -15"><span class='ocrx_word' id='word_1_325' title='bbox 215 3365 345 3422; x_wconf 81' lang='lat' dir='ltr'>vornm,</span> <span class='ocrx_word' id='word_1_326' title='bbox 377 3341 458 3404; x_wconf 83' lang='lat' dir='ltr'>Cael.</span> <span class='ocrx_word' id='word_1_327' title='bbox 483 3347 523 3404; x_wconf 86' lang='lat'>34</span> <span class='ocrx_word' id='word_1_328' title='bbox 552 3361 693 3404; x_wconf 87' lang='lat' dir='ltr'>amoram</span> <span class='ocrx_word' id='word_1_329' title='bbox 724 3342 851 3414; x_wconf 67' lang='lat' dir='ltr'>foedera</span> <span class='ocrx_word' id='word_1_330' title='bbox 881 3343 999 3416; x_wconf 75' lang='lat' dir='ltr'>ferires.</span> <span class='ocrx_word' id='word_1_331' title='bbox 1045 3342 1274 3423; x_wconf 82' lang='lat' dir='ltr'>Comparatione</span> <span class='ocrx_word' id='word_1_332' title='bbox 1296 3351 1396 3404; x_wconf 90' lang='lat' dir='ltr'>autem</span> <span class='ocrx_word' id='word_1_333' title='bbox 1419 3364 1468 3422; x_wconf 91' lang='lat' dir='ltr'>ap.</span> 
     </span>
     <span class='ocr_line' id='line_1_36' title="bbox 215 3427 1469 3516; baseline -0.006 -21"><span class='ocrx_word' id='word_1_334' title='bbox 215 3433 276 3494; x_wconf 86' lang='lat' dir='ltr'>Cic.</span> <span class='ocrx_word' id='word_1_335' title='bbox 297 3429 505 3492; x_wconf 87' lang='lat' dir='ltr'>translationis</span> <span class='ocrx_word' id='word_1_336' title='bbox 532 3427 659 3489; x_wconf 89' lang='lat' dir='ltr'>audacia</span> <span class='ocrx_word' id='word_1_337' title='bbox 685 3449 779 3516; x_wconf 84' lang='lat' dir='ltr'>saepe</span> <span class='ocrx_word' id='word_1_338' title='bbox 794 3428 943 3490; x_wconf 90' lang='lat' dir='ltr'>mollitur:</span> <span class='ocrx_word' id='word_1_339' title='bbox 965 3429 1044 3491; x_wconf 92' lang='lat' dir='ltr'>Mur.</span> <span class='ocrx_word' id='word_1_340' title='bbox 1068 3435 1108 3492; x_wconf 83' lang='lat'>35</span> <span class='ocrx_word' id='word_1_341' title='bbox 1135 3430 1222 3503; x_wconf 71' lang='lat' dir='ltr'>Onera</span> <span class='ocrx_word' id='word_1_342' title='bbox 1243 3431 1322 3490; x_wconf 83' lang='lat' dir='ltr'>enini</span> <span class='ocrx_word' id='word_1_343' title='bbox 1341 3431 1469 3505; x_wconf 66' lang='lat' dir='ltr'>netum,</span> 
     </span>
     <span class='ocr_line' id='line_1_37' title="bbox 215 3515 1467 3603; baseline -0.004 -21"><span class='ocrx_word' id='word_1_344' title='bbox 215 3539 304 3603; x_wconf 86' lang='lat' dir='ltr'>quem</span> <span class='ocrx_word' id='word_1_345' title='bbox 326 3517 482 3598; x_wconf 81' lang='lat' dir='ltr'>Euripum</span> <span class='ocrx_word' id='word_1_346' title='bbox 502 3521 544 3577; x_wconf 90' lang='lat' dir='ltr'>tot</span> <span class='ocrx_word' id='word_1_347' title='bbox 565 3520 673 3590; x_wconf 87' lang='lat' dir='ltr'>motas,</span> <span class='ocrx_word' id='word_1_348' title='bbox 696 3520 804 3591; x_wconf 88' lang='lat' dir='ltr'>tantas,</span> <span class='ocrx_word' id='word_1_349' title='bbox 828 3522 890 3578; x_wconf 88' lang='lat' dir='ltr'>tam</span> <span class='ocrx_word' id='word_1_350' title='bbox 905 3517 1009 3577; x_wconf 84' lang='lat' dir='ltr'>uarias</span> <span class='ocrx_word' id='word_1_351' title='bbox 1023 3515 1134 3578; x_wconf 84' lang='lat' dir='ltr'>babere</span> <span class='ocrx_word' id='word_1_352' title='bbox 1149 3517 1266 3598; x_wconf 85' lang='lat' dir='ltr'>putatis</span> <span class='ocrx_word' id='word_1_353' title='bbox 1282 3517 1467 3596; x_wconf 77' lang='lat' dir='ltr'>opitationos</span> 
     </span>
     <span class='ocr_line' id='line_1_38' title="bbox 207 3601 1466 3686; baseline -0.005 -18"><span class='ocrx_word' id='word_1_354' title='bbox 207 3607 376 3683; x_wconf 78' lang='lat' dir='ltr'>flnctuum,</span> <span class='ocrx_word' id='word_1_355' title='bbox 408 3608 540 3685; x_wconf 83' lang='lat' dir='ltr'>quantus</span> <span class='ocrx_word' id='word_1_356' title='bbox 559 3601 808 3684; x_wconf 89' lang='lat' dir='ltr'>perturbationes</span> <span class='ocrx_word' id='word_1_357' title='bbox 831 3608 859 3665; x_wconf 90' lang='lat' dir='ltr'>et</span> <span class='ocrx_word' id='word_1_358' title='bbox 881 3608 1011 3686; x_wconf 81' lang='lat' dir='ltr'>quantos</span> <span class='ocrx_word' id='word_1_359' title='bbox 1034 3609 1136 3664; x_wconf 86' lang='lat' dir='ltr'>aestus</span> <span class='ocrx_word' id='word_1_360' title='bbox 1158 3602 1247 3666; x_wconf 86' lang='lat' dir='ltr'>babet</span> <span class='ocrx_word' id='word_1_361' title='bbox 1268 3605 1350 3665; x_wconf 88' lang='lat' dir='ltr'>ratio</span> <span class='ocrx_word' id='word_1_362' title='bbox 1372 3604 1466 3665; x_wconf 84' lang='lat' dir='ltr'>conri-</span> 
     </span>
     <span class='ocr_line' id='line_1_39' title="bbox 216 3688 1468 3772; baseline -0.005 -17"><span class='ocrx_word' id='word_1_363' title='bbox 216 3695 351 3755; x_wconf 89' lang='lat' dir='ltr'>tioram?</span> <span class='ocrx_word' id='word_1_364' title='bbox 388 3689 465 3752; x_wconf 84' lang='lat' dir='ltr'>Dies</span> <span class='ocrx_word' id='word_1_365' title='bbox 486 3689 677 3751; x_wconf 88' lang='lat' dir='ltr'>intermissus</span> <span class='ocrx_word' id='word_1_366' title='bbox 699 3695 753 3751; x_wconf 91' lang='lat' dir='ltr'>out</span> <span class='ocrx_word' id='word_1_367' title='bbox 775 3709 839 3752; x_wconf 85' lang='lat' dir='ltr'>nan</span> <span class='ocrx_word' id='word_1_368' title='bbox 860 3688 1042 3770; x_wconf 85' lang='lat' dir='ltr'>interposita</span> <span class='ocrx_word' id='word_1_369' title='bbox 1064 3707 1156 3771; x_wconf 87' lang='lat' dir='ltr'>saepe</span> <span class='ocrx_word' id='word_1_370' title='bbox 1167 3688 1331 3772; x_wconf 86' lang='lat' dir='ltr'>perturbat</span> <span class='ocrx_word' id='word_1_371' title='bbox 1353 3690 1468 3764; x_wconf 86' lang='lat' dir='ltr'>amnia,</span> 
     </span>
     <span class='ocr_line' id='line_1_40' title="bbox 216 3776 1462 3859; baseline -0.004 -17"><span class='ocrx_word' id='word_1_372' title='bbox 216 3786 244 3842; x_wconf 90' lang='lat' dir='ltr'>et</span> <span class='ocrx_word' id='word_1_373' title='bbox 272 3784 366 3842; x_wconf 91' lang='lat' dir='ltr'>totam</span> <span class='ocrx_word' id='word_1_374' title='bbox 397 3777 571 3859; x_wconf 86' lang='lat' dir='ltr'>opinionem</span> <span class='ocrx_word' id='word_1_375' title='bbox 599 3795 701 3858; x_wconf 87' lang='lat' dir='ltr'>parua</span> <span class='ocrx_word' id='word_1_376' title='bbox 729 3795 792 3838; x_wconf 88' lang='lat' dir='ltr'>non</span> <span class='ocrx_word' id='word_1_377' title='bbox 819 3795 987 3859; x_wconf 86' lang='lat' dir='ltr'>nunquan</span> <span class='ocrx_word' id='word_1_378' title='bbox 1017 3781 1181 3838; x_wconf 84' lang='lat' dir='ltr'>conrnutat</span> <span class='ocrx_word' id='word_1_379' title='bbox 1211 3795 1291 3838; x_wconf 83' lang='lat' dir='ltr'>aura</span> <span class='ocrx_word' id='word_1_380' title='bbox 1313 3776 1462 3850; x_wconf 84' lang='lat' dir='ltr'>rumoris3</span> 
     </span>
     <span class='ocr_line' id='line_1_41' title="bbox 214 3861 1467 3947; baseline -0.003 -20"><span class='ocrx_word' id='word_1_381' title='bbox 214 3866 275 3927; x_wconf 88' lang='lat' dir='ltr'>Pis.</span> <span class='ocrx_word' id='word_1_382' title='bbox 300 3870 339 3927; x_wconf 83' lang='lat'>19</span> <span class='ocrx_word' id='word_1_383' title='bbox 364 3861 549 3947; x_wconf 81' lang='lat' dir='ltr'>quaerebam</span> <span class='ocrx_word' id='word_1_384' title='bbox 572 3861 726 3925; x_wconf 78' lang='lat' dir='ltr'>consulein</span> <span class='ocrx_word' id='word_1_385' title='bbox 756 3897 795 3908; x_wconf 93' lang='lat'>-</span> <span class='ocrx_word' id='word_1_386' title='bbox 828 3863 881 3945; x_wconf 86' lang='lat' dir='ltr'>qni</span> <span class='ocrx_word' id='word_1_387' title='bbox 909 3867 1065 3944; x_wconf 84' lang='lat' dir='ltr'>tamqnam</span> <span class='ocrx_word' id='word_1_388' title='bbox 1097 3868 1222 3924; x_wconf 88' lang='lat' dir='ltr'>truncus</span> <span class='ocrx_word' id='word_1_389' title='bbox 1250 3868 1340 3945; x_wconf 82' lang='lat' dir='ltr'>atqua</span> <span class='ocrx_word' id='word_1_390' title='bbox 1363 3863 1467 3944; x_wconf 85' lang='lat' dir='ltr'>stipes,</span> 
     </span>
     <span class='ocr_line' id='line_1_42' title="bbox 215 3947 1466 4031; baseline -0.003 -17"><span class='ocrx_word' id='word_1_391' title='bbox 215 3954 242 4014; x_wconf 86' lang='lat' dir='ltr'>si</span> <span class='ocrx_word' id='word_1_392' title='bbox 264 3952 394 4013; x_wconf 82' lang='lat' dir='ltr'>stetisset</span> <span class='ocrx_word' id='word_1_393' title='bbox 415 3949 515 4022; x_wconf 87' lang='lat' dir='ltr'>moda,</span> <span class='ocrx_word' id='word_1_394' title='bbox 534 3955 639 4031; x_wconf 89' lang='lat' dir='ltr'>posset</span> <span class='ocrx_word' id='word_1_395' title='bbox 659 3949 809 4010; x_wconf 87' lang='lat' dir='ltr'>sustinere</span> <span class='ocrx_word' id='word_1_396' title='bbox 833 3955 935 4010; x_wconf 90' lang='lat' dir='ltr'>tamen</span> <span class='ocrx_word' id='word_1_397' title='bbox 958 3947 1077 4010; x_wconf 88' lang='lat' dir='ltr'>titulum</span> <span class='ocrx_word' id='word_1_398' title='bbox 1100 3949 1294 4029; x_wconf 82' lang='lat' dir='ltr'>consalatns;</span> <span class='ocrx_word' id='word_1_399' title='bbox 1323 3948 1360 4010; x_wconf 85' lang='lat' dir='ltr'>cf.</span> <span class='ocrx_word' id='word_1_400' title='bbox 1382 3948 1466 4010; x_wconf 82' lang='lat' dir='ltr'>Cael.</span> 
     </span>
     <span class='ocr_line' id='line_1_43' title="bbox 217 4035 1465 4112; baseline -0.006 -10"><span class='ocrx_word' id='word_1_401' title='bbox 217 4045 275 4112; x_wconf 81' lang='lat'>763</span> <span class='ocrx_word' id='word_1_402' title='bbox 298 4037 377 4099; x_wconf 78' lang='lat' dir='ltr'>Mur,</span> <span class='ocrx_word' id='word_1_403' title='bbox 400 4039 433 4108; x_wconf 85' lang='lat'>4;</span> <span class='ocrx_word' id='word_1_404' title='bbox 457 4041 512 4109; x_wconf 79' lang='lat'>363</span> <span class='ocrx_word' id='word_1_405' title='bbox 535 4036 638 4097; x_wconf 87' lang='lat' dir='ltr'>Plano.</span> <span class='ocrx_word' id='word_1_406' title='bbox 663 4041 718 4108; x_wconf 82' lang='lat'>153</span> <span class='ocrx_word' id='word_1_407' title='bbox 746 4035 802 4096; x_wconf 94' lang='lat' dir='ltr'>Ph.</span> <span class='ocrx_word' id='word_1_408' title='bbox 826 4035 867 4108; x_wconf 91' lang='lat' dir='ltr'>II,</span> <span class='ocrx_word' id='word_1_409' title='bbox 891 4040 949 4108; x_wconf 82' lang='lat'>55;</span> <span class='ocrx_word' id='word_1_410' title='bbox 984 4039 1055 4108; x_wconf 76' lang='lat'>1153</span> <span class='ocrx_word' id='word_1_411' title='bbox 1077 4035 1176 4110; x_wconf 90' lang='lat' dir='ltr'>VIII,</span> <span class='ocrx_word' id='word_1_412' title='bbox 1207 4041 1260 4108; x_wconf 83' lang='lat'>15;</span> <span class='ocrx_word' id='word_1_413' title='bbox 1291 4035 1382 4109; x_wconf 92' lang='lat' dir='ltr'>XIII,</span> <span class='ocrx_word' id='word_1_414' title='bbox 1407 4040 1465 4108; x_wconf 79' lang='lat'>203</span> 
     </span>
     <span class='ocr_line' id='line_1_44' title="bbox 213 4121 1465 4196; baseline -0.005 -8"><span class='ocrx_word' id='word_1_415' title='bbox 213 4123 436 4196; x_wconf 82' lang='lat' dir='ltr'>Roso.O.17;</span> <span class='ocrx_word' id='word_1_416' title='bbox 467 4122 583 4184; x_wconf 84' lang='lat' dir='ltr'>Cluent.</span> <span class='ocrx_word' id='word_1_417' title='bbox 609 4127 685 4195; x_wconf 84' lang='lat'>138;</span> <span class='ocrx_word' id='word_1_418' title='bbox 717 4123 790 4183; x_wconf 85' lang='lat' dir='ltr'>Vnt.</span> <span class='ocrx_word' id='word_1_419' title='bbox 813 4125 850 4194; x_wconf 78' lang='lat'>43</span> <span class='ocrx_word' id='word_1_420' title='bbox 880 4121 957 4182; x_wconf 91' lang='lat' dir='ltr'>dom.</span> <span class='ocrx_word' id='word_1_421' title='bbox 981 4126 1015 4194; x_wconf 80' lang='lat'>4;</span> <span class='ocrx_word' id='word_1_422' title='bbox 1038 4121 1078 4183; x_wconf 82' lang='lat' dir='ltr'>V.</span> <span class='ocrx_word' id='word_1_423' title='bbox 1102 4127 1137 4196; x_wconf 82' lang='lat'>5,</span> <span class='ocrx_word' id='word_1_424' title='bbox 1169 4127 1187 4182; x_wconf 79' lang='lat'>2</span> <span class='ocrx_word' id='word_1_425' title='bbox 1219 4131 1273 4184; x_wconf 87' lang='lat' dir='ltr'>etc.</span> <span class='ocrx_word' id='word_1_426' title='bbox 1324 4121 1398 4182; x_wconf 89' lang='lat' dir='ltr'>Dixi</span> <span class='ocrx_word' id='word_1_427' title='bbox 1427 4122 1465 4182; x_wconf 93' lang='lat' dir='ltr'>de</span> 
     </span>
    </p>
   </div>
   <div class='ocr_carea' id='block_1_4' title="bbox 215 4297 1465 4474">
    <p class='ocr_par' dir='ltr' id='par_1_5' title="bbox 215 4297 1465 4474">
     <span class='ocr_line' id='line_1_45' title="bbox 304 4297 1465 4402; baseline -0.005 -17"><span class='ocrx_word' id='word_1_428' title='bbox 304 4297 351 4402; x_wconf 74' lang='lat'>¹⁸¹)</span> <span class='ocrx_word' id='word_1_429' title='bbox 370 4351 410 4400; x_wconf 88' lang='lat' dir='ltr'>ap.</span> <span class='ocrx_word' id='word_1_430' title='bbox 429 4333 463 4383; x_wconf 91' lang='lat' dir='ltr'>H.</span> <span class='ocrx_word' id='word_1_431' title='bbox 486 4335 541 4382; x_wconf 78' lang='lat'>124.</span> <span class='ocrx_word' id='word_1_432' title='bbox 579 4328 609 4398; x_wconf 80' lang='lat'>⁸¹)</span> <span class='ocrx_word' id='word_1_433' title='bbox 630 4331 716 4380; x_wconf 86' lang='lat' dir='ltr'>Etiam</span> <span class='ocrx_word' id='word_1_434' title='bbox 736 4330 791 4380; x_wconf 89' lang='lat' dir='ltr'>Cic.</span> <span class='ocrx_word' id='word_1_435' title='bbox 811 4331 876 4380; x_wconf 89' lang='lat' dir='ltr'>dicit</span> <span class='ocrx_word' id='word_1_436' title='bbox 902 4331 933 4380; x_wconf 90' lang='lat' dir='ltr'>dc</span> <span class='ocrx_word' id='word_1_437' title='bbox 952 4347 988 4382; x_wconf 89' lang='lat' dir='ltr'>or.</span> <span class='ocrx_word' id='word_1_438' title='bbox 1010 4333 1038 4394; x_wconf 86' lang='lat'>3,</span> <span class='ocrx_word' id='word_1_439' title='bbox 1068 4331 1116 4380; x_wconf 81' lang='lat'>165</span> <span class='ocrx_word' id='word_1_440' title='bbox 1135 4327 1161 4378; x_wconf 86' lang='lat' dir='ltr'>si</span> <span class='ocrx_word' id='word_1_441' title='bbox 1178 4341 1298 4394; x_wconf 79' lang='lat' dir='ltr'>vereare,</span> <span class='ocrx_word' id='word_1_442' title='bbox 1321 4343 1353 4380; x_wconf 92' lang='lat' dir='ltr'>ne</span> <span class='ocrx_word' id='word_1_443' title='bbox 1367 4327 1465 4395; x_wconf 79' lang='lat' dir='ltr'>paullo</span> 
     </span>
     <span class='ocr_line' id='line_1_46' title="bbox 215 4397 1338 4474; baseline -0.007 -16"><span class='ocrx_word' id='word_1_444' title='bbox 215 4405 312 4458; x_wconf 82' lang='lat' dir='ltr'>darier</span> <span class='ocrx_word' id='word_1_445' title='bbox 330 4400 475 4457; x_wconf 80' lang='lat' dir='ltr'>translatio</span> <span class='ocrx_word' id='word_1_446' title='bbox 494 4413 548 4452; x_wconf 81' lang='lat' dir='ltr'>esse</span> <span class='ocrx_word' id='word_1_447' title='bbox 567 4398 702 4464; x_wconf 85' lang='lat' dir='ltr'>videatur,</span> <span class='ocrx_word' id='word_1_448' title='bbox 721 4397 868 4455; x_wconf 82' lang='lat' dir='ltr'>mollienda</span> <span class='ocrx_word' id='word_1_449' title='bbox 887 4403 925 4451; x_wconf 82' lang='lat' dir='ltr'>est</span> <span class='ocrx_word' id='word_1_450' title='bbox 939 4397 1098 4467; x_wconf 82' lang='lat' dir='ltr'>praeposito</span> <span class='ocrx_word' id='word_1_451' title='bbox 1116 4411 1195 4464; x_wconf 78' lang='lat' dir='ltr'>saepe</span> <span class='ocrx_word' id='word_1_452' title='bbox 1214 4397 1301 4450; x_wconf 77' lang='lat' dir='ltr'>aerbo.</span> <span class='ocrx_word' id='word_1_453' title='bbox 1331 4464 1338 4474; x_wconf 28' lang='grc'>1</span> 
     </span>
    </p>
   </div>
   <div class='ocr_carea' id='block_1_5' title="bbox 0 0 1572 5004">
    <p class='ocr_par' dir='ltr' id='par_1_6' title="bbox 0 0 1572 5004">
     <span class='ocr_line' id='line_1_47' title="bbox 0 0 1572 5004; baseline 0 4"><span class='ocrx_word' id='word_1_454' title='bbox 0 0 1572 5004; x_wconf 95' lang='lat' dir='ltr'> </span> 
     </span>
    </p>
   </div>
  </div>
 </body>
</html>
