3136 5004
817 384 858 442 34

213 591 338 654 rarioria
358 589 496 670 exempla
517 599 625 650 amata
646 589 707 650 fere
728 609 900 650 enumerare
921 590 1055 664 studebo,
1077 591 1109 650 in
1123 590 1368 670 frequentioribus
1391 591 1471 650 satis

212 678 276 752 erit,
298 685 393 738 mmm
416 696 508 756 genus
531 674 645 754 aliquot
665 675 809 755 exemplis
831 676 992 750 illustrare,
1015 698 1111 757 neque
1133 687 1234 738 tamen
1259 677 1291 736 id
1312 687 1471 756 praestare

213 784 349 845 possum,
379 783 427 824 me
453 781 569 841 semper
597 762 853 842 praestantissima
874 784 1010 842 quaeque
1029 764 1168 842 elegisse,
1195 763 1274 842 quod
1298 764 1330 822 in
1351 785 1471 842 magna

213 849 300 931 copia
322 869 410 930 saepe
431 847 604 928 perdifficile
625 859 677 910 est
721 849 874 910 Postremo
889 870 987 929 pauca
1004 850 1042 910 de
1056 851 1119 910 eins
1132 849 1335 911 translationis
1348 850 1471 910 ratione

213 935 435 1018 praemonenda
455 935 610 1009 videntia,
638 935 691 996 ubi
718 935 755 995 de
777 934 868 998 rebus
894 936 1072 1016 incorporeis
1095 946 1212 1036 agenn.
1256 936 1359 996 Etiam
1388 935 1469 996 talia
1547 997 1548 1008 ξ

214 1023 254 1084 ad
286 1022 463 1084 rhetoricam
495 1021 583 1083 huius
612 1022 690 1122 tropi
718 1023 864 1083 rationem
892 1023 1055 1122 pertinent,
1078 1024 1104 1082 si
1134 1023 1174 1083 ab
1203 1023 1314 1082 imitata
1335 1022 1470 1082 ιιιιιιοιιι
1547 1017 1548 1076 ι

213 1109 378 1181 receditur,
400 1128 583 1188 quamquam
605 1109 692 1182 enim,
714 1108 740 1169 si
761 1129 824 1169 rem
844 1129 920 1206 per
919 1109 1068 1189 seipsam
1090 1118 1211 1189 spectes,
1231 1109 1308 1168 de'
1289 1129 1325 1168 us
1338 1109 1469 1170 notioni-
1547 1107 1548 1182 ,

214 1195 288 1271 bus,
322 1214 399 1274 quae
421 1194 535 1256 Graece
564 1195 662 1258 verbis
686 1186 818 1273 θυμός,
852 1187 1024 1278 φρόιημα,
1059 1191 1178 1268 ἐλπίς,
1215 1217 1250 1259 ιο
1250 1215 1332 1272 ecc
1366 1188 1468 1278 φρὴι,
1547 1183 1548 1226 ³

214 1281 290 1362 βίος
318 1289 373 1343 eto.
402 1282 623 1361 exprimuntur.
658 1281 784 1380 propriis
815 1281 913 1342 verbis
943 1283 993 1361 agi
1021 1303 1081 1342 non
1108 1290 1219 1362 potest,
1245 1301 1332 1342 nemo
1361 1290 1469 1342 tamen

215 1368 377 1448 negabit,
369 1389 400 1428 m
421 1367 468 1428 his
491 1368 695 1430 translationis
717 1368 862 1429 rationem
884 1368 991 1430 inesse:
1013 1369 1122 1430 Aesch.
1133 1369 1231 1429 Prom.
1255 1373 1318 1431 380
1342 1387 1469 1454 σφρι-

213 1455 350 1540 γῶντα
374 1443 490 1533 θυμόν,
513 1455 604 1535 Sepla
619 1455 692 1515 Ant
715 1458 778 1517 473
805 1446 847 1520 roi
874 1444 1027 1563 ιιιιλὴοΗ
1012 1447 1095 1557 oiyav
1124 1447 1240 1561 ιοροιὴι
1208 1477 1318 1538 measa
1346 1453 1394 1532 (ef.
1423 1454 1468 1515 ib.

214 1541 264 1603 Ai.
288 1543 372 1646 649),
393 1540 503 1603 Aesch.
518 1541 628 1622 Agam.
652 1547 716 1640 505
737 1539 902 1604 moiiair‘
887 1566 948 1626 pay
930 1543 1047 1626 γεισιιιν
1069 1537 1230 1617 ἐλπίδων,
1259 1541 1332 1602 Eur.
1353 1541 1468 1602 Baceln

201 1632 278 1693 '289
312 1619 430 1692 οικιι-
407 1620 490 1708 -μὴ
512 1623 639 1714 &apage
667 1626 734 1691 τῶν
757 1619 882 1706 νόμων,
904 1628 944 1689 ib.
966 1629 1047 1690 Med.
1075 1633 1138 1691 624
1161 1588 1339 1706 ἇιοιξαιια
1362 1627 1468 1711 κλῇδα

215 1713 352 1812 φρενῶν,
374 1713 483 1775 Aesch.
497 1713 607 1794 Agam.
632 1718 715 1776 1123
737 1711 816 1792 βίου
838 1703 990 1786 tironos
1012 1707 1122 1796 αὐγαί,
1144 1716 1233 1775 Eum.
1256 1719 1318 1777 933
1336 1711 1468 1795 πληγαὶ

214 1796 339 1880 βιότου·
384 1800 460 1862 Ηοι.
483 1821 572 1863 carm.
596 1807 635 1875 4,
658 1807 691 1874 5,
717 1808 756 1864 15
778 1800 931 1862 desideriis
952 1802 1013 1862 ieta
1034 1801 1171 1862 fidelibus
1192 1801 1299 1880 patria.
1342 1799 1468 1860 Talium

214 1887 304 1968 igitur
325 1886 416 1947 etiam
444 1887 476 1947 in
506 1886 563 1949 boe
585 1887 689 1950 libello
710 1888 786 1948 ratio
809 1887 948 1948 habenda
968 1889 1032 1949 erit
1077 1889 1234 1948 Praeterea
1255 1888 1345 1948 etiam
1368 1895 1467 1946 trans-

214 1973 360 2035 lationum
382 1974 512 2035 maxime
534 1974 747 2054 vulgarium'
718 1995 764 2035 ιιι
782 1994 870 2053 saepe
884 1995 985 2034 mrsus
1000 1975 1086 2054 quasi
1099 1975 1246 2035 excitatur
1262 1983 1292 2035 et
1305 1972 1466 2045 revirescit,

214 2059 239 2120 si
261 2057 396 2139 pluribus
420 2060 518 2121 verbis
542 2069 736 2140 pertexuntur
757 2060 806 2122 vel
827 2061 1036 2122 translationes
1058 2061 1157 2121 minus
1178 2060 1372 2140 pervulgatae
1394 2080 1465 2120 aum

215 2146 257 2208 eis
286 2145 507 2220 consociantur3
537 2157 571 2208 ut
602 2147 634 2207 in
660 2146 751 2208 verbo
780 2147 966 2226 »vestigium«
996 2147 1070 2208 haec
1097 2147 1174 2208 ratio
1203 2167 1291 2226 saepe
1320 2147 1373 2208 vix
1401 2146 1465 2206 iam

215 2239 358 2312 apparet,
327 2239 358 2292 t·
388 2253 490 2294 verum
518 2235 543 2294 si
565 2255 633 2295 oum
655 2233 711 2294 hoa
732 2233 825 2295 verba
846 2234 989 2314 persequi,
1011 2233 1170 2313 indagare,
1199 2233 1330 2306 odorari,
1353 2231 1466 2292 similia

215 2318 448 2419 coniunguntur,
400 2321 568 2381 uretiam
599 2319 679 2380 illius
709 2320 912 2382 translationis
943 2321 989 2383 vis
1011 2321 1107 2400 magis
1130 2319 1247 2381 eminet
1290 2319 1350 2381 Sed
1372 2319 1409 2378 de
1431 2339 1466 2379 re

214 2404 354 2468 universa
376 2405 448 2466 satis
470 2407 544 2467 mihi
566 2407 662 2468 multa
683 2406 777 2469 verbe
790 2407 894 2468 fecisse
908 2407 1025 2469 videor:
1049 2406 1319 2486 nunaexplicemus
1333 2405 1465 2485 primum

214 2512 280 2554 eam
303 2500 430 2572 partem,
458 2493 509 2553 ubi
540 2494 673 2555 animata
695 2514 748 2573 pro
772 2493 837 2554 aliis
865 2494 914 2556 vel
936 2493 1028 2555 eiusd.
1050 2493 1099 2556 vel
1126 2493 1202 2553 alius
1224 2514 1251 2572 g.
1275 2491 1464 2552 adhibentur.

318 2578 390 2640 Huc
412 2588 494 2660 spect
495 2601 545 2642 are
567 2601 603 2642 ea
624 2580 727 2643 vident
714 2588 763 2641 tur
780 2580 925 2660 exempla,
948 2601 1016 2641 cum
1037 2581 1103 2660 quis
1116 2581 1148 2640 id
1162 2600 1225 2640 asse
1240 2579 1355 2652 dieitur,
1378 2578 1464 2638 cuius

214 2665 324 2727 similia
354 2665 435 2727 facta
464 2666 526 2729 eius
555 2667 658 2730 vident
645 2675 694 2728 tur
714 2686 789 2740 esse,
819 2675 853 2728 ut
840 2667 934 2728 tOic.
957 2687 1006 2726 eos
1035 2666 1182 2740 homiues,
1209 2666 1261 2746 qui
1289 2664 1389 2726 omnia
1411 2685 1465 2743 per

213 2752 276 2814 vim
299 2761 402 2813 contra
423 2751 503 2831 leges
518 2774 605 2833 agere
619 2762 841 2826 consueverunt,
864 2752 983 2832 qualem
998 2773 1035 2814 ex
1050 2754 1112 2814 eius
1126 2752 1309 2814 orationibus
1324 2751 1464 2812 Clodium

214 2837 305 2900 fuisse
327 2838 507 2918 accepimus,
538 2839 717 2920 gladiatores
740 2839 918 2918 compellare
939 2840 1021 2913 solet,
1044 2861 1104 2900 non
1126 2860 1185 2919 quo
1207 2859 1245 2900 ex
1267 2838 1367 2918 aliquo
1389 2835 1463 2897 ludo

215 2923 393 3005 gladiatorio
415 2925 569 3006 effirgeriut
597 2925 646 2988 vel
667 2925 745 2987 ludis
770 2925 954 3006 gladiatoriis
977 2927 1192 3006 depugnarunt,
1215 2925 1267 2986 sed
1288 2925 1360 3004 quia
1381 2923 1463 2985 facta

214 3031 315 3072 eorum
345 3009 432 3072 huius
465 3033 493 3092 g.
522 3013 668 3075 videntm.
717 3013 777 3075 Sed
809 3013 906 3092 ipsum
938 3013 998 3074 Cic.
1021 3013 1058 3074 de
1085 3013 1142 3074 hac
1163 3033 1194 3073 re
1216 3011 1388 3084 audiamus,
1411 3011 1464 3089 qui

215 3097 270 3159 Ριι.
293 3097 367 3170 VH,
392 3103 429 3159 17
454 3099 541 3161 dicit:
568 3098 780 3162 Gracchorum
800 3101 968 3181 potentiam
990 3100 1138 3162 maiorem
1147 3099 1247 3178 faisse
1260 3099 1463 3170 arbitramini,

216 3202 309 3266 paam
337 3183 426 3246 buius
452 3185 637 3264 placitatoria
668 3185 721 3262 (L.
746 3187 891 3262 Antonii)
915 3187 1029 3266 satura
1050 3187 1111 3248 sit?
1141 3205 1230 3268 quem
1257 3181 1463 3264 pladiatarem

215 3290 279 3332 ιιοιι
303 3271 345 3332 ita
369 3271 533 3353 appellaui,
556 3279 590 3334 at
611 3271 765 3335 interdum
789 3274 881 3335 etiam
903 3273 946 3338 M
970 3271 1123 3335 Antonius
1139 3271 1292 3354 appellari
1302 3271 1387 3349 solet
1409 3271 1464 3332 sed

215 3362 249 3419 at
272 3355 463 3439 appellant
452 3360 492 3434 ii,
526 3361 578 3442 qai
603 3359 697 3442 plane
729 3365 757 3421 et
787 3358 897 3421 latiur
927 3359 1103 3460 loquamur.
1149 3357 1339 3438 Myrmillo
1328 3377 1361 3418 m
1378 3317 1462 3418 'Asia

216 3443 465 3526 depoposcit—
489 3446 674 3508 luculentam
693 3446 823 3529 plagam
846 3447 971 3529 occepit,
993 3453 1026 3509 ut
1041 3442 1330 3528 declarotcicatria.
1353 3445 1460 3504 Trans·

216 3530 260 3592 lat
248 3539 295 3592 tus
318 3530 406 3592 huius
428 3532 556 3594 nominis
578 3554 649 3593 usus
672 3553 719 3612 ap.
742 3533 802 3594 Cio.
824 3533 961 3612 frequens
983 3542 1042 3607 est,
1065 3523 1099 3593 ut
1119 3533 1206 3594 Rosa.
1229 3532 1267 3593 A.
1292 3532 1461 3595 Salamias

216 3623 307 3701 atque
329 3617 534 3697 mediatorem
558 3619 594 3681 af.
617 3619 657 3682 ib.
685 3625 736 3692 17;
759 3619 824 3681 Cat.
847 3620 893 3694 11,
924 3625 965 3681 24
988 3628 1042 3682 etc
1087 3618 1228 3681 Similiter
1249 3625 1410 3697 usurpatur
1431 3617 1461 3676 in

215 3723 256 3766 or.
272 3725 300 3784 p.
316 3725 338 3767 r.
356 3726 378 3766 s.
398 3711 435 3768 13
460 3703 580 3769 latrone
596 3741 637 3751 -
660 3667 948 3788 ιιιιιιριιαιο,ι
881 3707 955 3768 Sest.
980 3712 1019 3770 39
1043 3705 1117 3765 mihi
1137 3726 1184 3766 res
1206 3713 1322 3766 erat·
1338 3725 1406 3764 eum
1421 3739 1460 3748 -

214 3795 392 3873 stuprorum
414 3794 589 3865 sacerdote,
614 3812 682 3853 cam
704 3794 826 3870 sicario,
860 3811 929 3854 cum
952 3794 1071 3854 latrone
1096 3791 1143 3871 (cf.
1165 3791 1205 3854 V.
1230 3799 1264 3865 5,
1296 3797 1352 3863 70;
1385 3795 1460 3862 114;

216 3875 293 3938 dom.
319 3882 374 3951 24;
399 3878 474 3942 Sest.
500 3886 537 3944 81
549 3901 556 3953 ;
578 3880 638 3940 Pis.
665 3881 723 3959 11),
745 3879 820 3941 Sest.
833 3885 894 3942 116
918 3879 1072 3941 ladius—
1085 3885 1172 3941 actor
1194 3883 1222 3940 et
1245 3897 1393 3939 acroama
1415 3877 1461 3955 (cf.

215 3961 255 4024 V.
279 3968 307 4037 4,
331 3965 401 4044 49);
431 3965 495 4026 Oet.
518 3967 566 4040 Il,
592 3970 631 4027 23
655 3965 803 4027 Catilinae
833 3966 953 4026 comites
981 3974 1011 4026 et
1040 3965 1111 4026 socii
1138 3965 1223 4045 pueri
1244 3964 1335 4044 lepidi
1358 3984 1392 4024 ao
1414 3963 1461 4024 de-

215 4048 297 4110 licati
275 4051 475 4130 ttappellan
476 4073 517 4125 ur,
540 4053 612 4114 Vat.
633 4051 777 4113 4Gellius
799 4052 949 4113 nutricula
967 4052 1042 4113 sedit
1042 4052 1178 4126 ioscrum,
1200 4051 1265 4112 Mil.
1282 4058 1321 4113 55
1340 4048 1461 4111 Clodius

214 4135 334 4210 mulier;
358 4136 394 4198 cf.
417 4135 456 4199 V.
482 4144 510 4213 2,
536 4144 605 4201 192.
648 4139 851 4199 Praeterea
828 4159 870 4200 sio
892 4138 1071 4200 adhibentur
1085 4139 1173 4200 haec:
1197 4138 1271 4199 Sest.
1286 4143 1324 4199 27
1344 4136 1461 4218 praedo

215 4222 262 4302 (of.
285 4243 367 4302 prov.
391 4245 415 4286 c.
439 4226 505 4304 11),
532 4225 648 4287 Cluent.
671 4230 709 4286 72
730 4245 753 4306 p
744 4227 860 4298 tc,aas
883 4225 964 4286 Cael.
988 4231 1027 4289 36
1048 4227 1155 4308 pusio,
1178 4225 1252 4285 Sest.
1273 4229 1312 4285 26
1336 4223 1461 4296 lenonis,

214 4307 254 4371 V.
277 4316 305 4384 4,
331 4315 391 4374 126
417 4313 568 4394 operarii,
591 4311 699 4374 Caecil.
723 4315 762 4372 47
788 4312 918 4374 tironem
940 4311 987 4389 (cf.
1009 4312 1048 4374 V.
1073 4317 1107 4386 2,
1133 4313 1200 4391 17),
1222 4311 1261 4371 V.
1287 4315 1313 4383 2,
1338 4315 1377 4371 77
1402 4310 1462 4389 sip-

215 4413 247 4454 n
238 4395 304 4476 sir
328 4396 402 4459 Sest.
420 4402 480 4461 133
496 4399 636 4479 sapittm
625 4418 664 4473 ι,ο
681 4398 741 4460 Pis.
765 4402 800 4460 11
817 4418 901 4460 ιοιι
898 4399 966 4478 Lea
989 4399 1060 4460 Vat
1077 4404 1115 4461 15
1124 4397 1317 4478 fertissimi.
1331 4397 1390 4456 Pis.
1402 4397 1461 4474 14),
