3136 5004
813 348 852 404 22

293 552 376 630 Quid
398 572 485 632 porro
507 553 602 632 magis
625 560 670 613 est
691 571 861 624 commune,
885 571 977 631 quam
1006 559 1040 612 nt
1062 551 1214 614 aetasvel
1237 553 1356 614 omnino
1376 558 1453 614 'tem-

205 659 262 719 pus
283 659 337 719 pro
358 638 527 700 hominibus
549 647 579 700 et
599 639 687 701 rebus
709 639 860 718 ponatur?
905 637 950 700 Ut
971 636 1046 701 Sull.
1072 644 1112 702 52
1142 657 1207 702 noc
1230 640 1455 702 coniurationis

204 726 359 788 οαονιδιιιο
387 725 435 806 (oi.
464 746 524 806 seq.
550 727 689 806 peragi),
718 724 810 786 Aroh.
833 728 853 785 4
883 728 970 785 aetus
990 725 1156 804 informari
1178 725 1268 804 solet,
1301 726 1401 788 Flaco.
1430 731 1451 789 6

205 818 291 874 mutu
317 817 362 874 est
381 813 471 874 buius
494 813 640 895 temporis
662 813 834 889 accusatio,
860 809 917 870 Ph.
939 809 985 883 11,
1015 815 1056 874 90
1089 812 1116 873 si
1136 811 1207 874 ittus
1236 811 1298 874 diei
1320 819 1453 874 mentem

203 917 330 961 seraone
348 899 515 980 potuisses,
538 899 625 960 Rosc.
648 897 681 960 0.
704 901 746 958 44
768 916 839 958 noea
861 896 1067 960 odolescentia
1087 897 1203 978 indicet
1223 898 1347 961 illoram
1370 898 1454 962 bonu

203 986 430 1048 existimatione
452 993 508 1051 etc.
530 985 568 1048 of.
589 984 655 1046 Cat
668 983 710 1057 11,
735 989 773 1044 11
782 1005 789 1056 ;
812 982 871 1057 ΙΠ,
894 987 948 1055 26;
971 983 1011 1045 V.
1033 983 1058 1058 Ι,
1083 990 1139 1057 11;
1165 990 1195 1058 1,
1217 989 1257 1048 32
1280 993 1334 1046 eto.
1378 984 1453 1046 Alio

202 1071 291 1133 huius
318 1072 361 1133 rei
388 1093 445 1133 usu
473 1071 622 1152 quaedam
651 1070 802 1131 abstracta
829 1089 883 1150 pro
904 1068 1085 1149 pluribus
1115 1070 1283 1146 individuis,
1312 1092 1389 1151 quae
1417 1071 1451 1131 in

202 1158 289 1219 illam
309 1159 456 1221 rationem
478 1158 603 1232 eadunt,
626 1164 790 1237 ponuntur,
820 1163 863 1216 ut*
882 1155 1020 1218 iuventus
1049 1177 1103 1236 pro
1124 1157 1289 1232 iuvenibus,
1311 1157 1451 1220 vicinitas

202 1265 257 1324 pro
281 1244 392 1307 vicinis.
416 1253 470 1306 eto.
497 1245 537 1308 A.
560 1244 621 1306 Cic.
644 1243 693 1305 sie.
715 1250 863 1303 tractatur
892 1242 1056 1304 coniuratio
1079 1243 1145 1306 Oai.
1168 1243 1199 1320 Ι,
1224 1249 1251 1318 6,
1274 1244 1384 1324 legatio
1407 1279 1450 1292 -

202 1331 295 1411 legati
316 1332 356 1394 V.
380 1337 415 1406 2,
441 1336 502 1393 114
524 1339 578 1393 etc.
624 1328 794 1409 Simplicior
822 1328 910 1388 huius
940 1349 968 1408 g.
989 1329 1086 1390 forma
1115 1339 1174 1405 est,
1209 1351 1276 1392 cum
1299 1331 1450 1393 abstracto

203 1417 303 1497 ipsum
322 1427 493 1480 ‘concretum
516 1416 695 1496 adiungitur,
717 1424 752 1476 ut
772 1415 839 1478 Cat.
857 1414 882 1489 Ι,
899 1420 939 1478 26
962 1416 1089 1496 αι’μιλονα
1104 1417 1301 1480 insidiantem
1323 1437 1449 1480 somno

202 1506 453 1568 moritorum.
499 1504 569 1565 Hoc
591 1503 667 1563 nihil
687 1501 770 1563 aliud
792 1521 855 1563 esse
876 1501 994 1564 videtur
1016 1523 1108 1583 quam
1129 1524 1165 1565 ea
1187 1503 1327 1584 loquendi
1344 1503 1450 1579 forma,

198 1610 279 1671 quae
301 1611 320 1652 a
342 1590 468 1668 Quintil.
491 1592 531 1669 (8,
555 1595 583 1665 6,
607 1593 659 1666 59)

668 1741 991 1880 Periplirasis

200 1955 372 2017 nominatur
393 1955 411 2016 i.
433 1975 457 2018 e.
480 1955 629 2037 quidquid
649 1955 817 2036 siynbicori
839 1954 959 2017 boeotus
976 1960 1078 2038 potest
1100 1961 1128 2016 et
1150 1973 1219 2016 cum
1235 1953 1450 2017 onnotntotius

203 2041 383 2107 ostenditur.
428 2041 513 2102 Idem
543 2062 604 2104 non
634 2061 798 2122 numquam
820 2041 1024 2104 necessitatem
1051 2041 1161 2103 habere
1182 2041 1291 2115 scribit,
1313 2041 1448 2122 quotiens

196 2130 283 2191 *dictu
305 2127 449 2189 deformia
472 2128 594 2207 aperiat,
616 2127 734 2189 interim
757 2137 894 2189 ornatum
917 2127 1014 2189 solum
1035 2137 1148 2209 petere;
1172 2137 1274 2189 auctor
1283 2127 1352 2189 libri
1366 2126 1448 2209 περὶ

199 2209 306 2298 ὕψους
327 2216 387 2295 (ap.
408 2214 460 2295 Sp.
482 2215 507 2288 Ι,
532 2215 606 2295 277)
628 2214 691 2276 eius
713 2214 775 2277 vim
796 2214 922 2317 pulchra
944 2214 1136 2285 similitudine
1167 2213 1281 2276 adscita
1302 2213 1447 2276 illrutrat:

194 2292 246 2374 dg
268 2296 301 2364 ἐν
329 2301 468 2386 μουσικῇ
490 2295 548 2365 διά
570 2301 635 2365 τῶν
657 2323 874 2386 accuminatur
895 2299 1100 2382 καλουμένων
1121 2290 1141 2364 d
1164 2291 1278 2386 κύριος
1295 2289 1448 2383 φθόγγος

195 2381 302 2474 ἡδίων
324 2385 550 2462 ἀποτελεῖται,
578 2378 684 2461 οὕτως
711 2379 731 2473 ἦ
760 2411 795 2452 π.
817 2375 979 2460 πολλάκις
1002 2383 1249 2474 ουμφθέγγεται
1269 2387 1309 2472 τῇ
1332 2408 1447 2472 κοριο-

200 2470 312 2560 λογία,
345 2471 404 2537 καί·
432 2469 479 2546 είς
500 2462 625 2555 κόσμον
647 2469 706 2538 ἐπὶ
729 2469 817 2540 nati
838 2478 985 2558 σονηχεῖ,
1018 2473 1075 2540 καί
1105 2466 1233 2555 μάλιστ’
1257 2464 1297 2536 ἀν
1319 2467 1365 2556 μι)
1386 2467 1445 2557 ἔχῃ

199 2561 352 2647 φυσῶδες
373 2582 406 2624 τι
428 2557 485 2623 καί
507 2553 662 2635 δι’μοοσον,
687 2553 756 2625 ἀλλ’
779 2553 885 2646 ἡδέως
907 2558 1111 2646 κεκραμένον.
1153 2561 1254 2624 Gross.
1273 2560 1342 2644 (25)
1357 2569 1447 2621 meto-

198 2648 318 2730 nymiee
339 2667 406 2709 eam
428 2647 562 2721 subiicit,
584 2646 682 2709 Dzial.
705 2649 777 2726 (23),
800 2669 868 2710 eum
896 2647 972 2709 inter
992 2647 1074 2710 verb.
1102 2646 1171 2729 figg.
1192 2655 1311 2721 tractet,
1343 2646 1382 2707 ab
1405 2647 1446 2708 eis

198 2743 331 2797 removet
340 2732 386 2813 ⁵³).
430 2733 592 2796 Conficitur
621 2742 721 2795 antem
750 2744 804 2796 aut
833 2733 958 2813 singulis
980 2734 1078 2797 verbis
1106 2744 1160 2796 aut
1180 2734 1312 2813 longiore
1333 2734 1446 2813 exposi-

197 2821 286 2882 tione.
330 2820 379 2881 Ac
410 2820 535 2900 singulis
557 2819 677 2901 quidem
706 2821 804 2883 verbis
831 2829 947 2882 constat
976 2840 1064 2901 saepe
1086 2822 1168 2901 apud
1188 2828 1300 2884 veteres
1332 2828 1445 2899 poetas.

199 2907 351 3007 Homerus
381 2906 488 2968 habet:
520 2903 579 2989 βίη
600 2897 820 3008 Ἡρακληείη,
850 2903 948 3012 μένος
969 2899 1164 2986 Ἀλκινόοιο,
1188 2899 1259 2995 isos}
1282 2899 1316 2983 ίς
1343 2906 1445 2971 Τελε-

198 2991 1444 3164 tittttttdtldt“tittletitabat-¹3¹¹,istdlitt.

197 3165 249 3226 Ex
270 3166 357 3228 Dem.
378 3167 438 3228 huo
468 3187 537 3228 oum
566 3165 627 3228 alia
655 3176 720 3229 tum
750 3168 825 3228 haec
852 3167 1021 3230 revocanda
1049 3167 1199 3231 videntur:
1228 3167 1261 3228 in
1291 3166 1379 3229 Onet.
1404 3169 1443 3227 21

196 3245 350 3336 ἀδελφῶν
372 3249 469 3330 βίους
490 3248 726 3354 ἐγχειρίζομεν,
749 3253 823 3316 Mid.
844 3258 884 3317 99
907 3245 1073 3339 ἠτίμωται
1095 3254 1135 3340 τῇ
1150 3247 1237 3340 ditty]
1259 3254 1317 3339 τῆς
1338 3245 1445 3337 ὀργῆς,

192 3338 234 3400 de
255 3359 313 3401 cor.
336 3343 398 3403 249
422 3329 490 3403 οὔτ’
513 3329 657 3404 απόνοια
678 3336 885 3412 ,Σωσικλέους
902 3332 975 3405 οὔτε
997 3338 1202 3427 συκοφαντία
1217 3329 1445 3421 Φιλοκράτους

197 3415 272 3493 οὔτε
293 3417 448 3524 ᾼιοίνδου
470 3422 575 3506 μανία
597 3419 664 3491 οὔτ’
688 3419 757 3492 ἀλλ’
781 3420 874 3492 οὐδὲν
908 3419 1089 3515 ἀπείρατον
1112 3417 1150 3511 ἦν
1182 3418 1252 3491 κατ’
1275 3422 1364 3507 ἐμοῦ,
1385 3426 1444 3500 ΙΠ,

198 3517 239 3576 25
262 3511 365 3596 καλλη
385 3509 499 3597 iconio,
521 3512 558 3574 ci.
580 3513 604 3587 Ι,
630 3519 678 3589 10,
700 3513 791 3588 VIII,
814 3517 864 3587 42,
886 3513 953 3588 IX,
984 3518 1012 3588 5,
1033 3514 1132 3589 ΧΧΙ,
1156 3519 1207 3578 96.
1250 3512 1445 3574 Ciceroniana

196 3599 284 3660 huius
306 3620 335 3678 g.
359 3607 443 3661 sunt:
473 3599 529 3661 Ph.
551 3599 626 3674 ΧΠ,
656 3604 697 3663 23
728 3598 892 3662 Ooosennii
913 3600 1133 3682 septemvirotis
1163 3602 1348 3680 auctoritas,
1377 3600 1443 3662 (lat.

194 3685 255 3759 III,
280 3690 319 3749 16
342 3705 406 3748 non
426 3686 501 3748 inibi
523 3705 586 3748 esse
610 3685 646 3752 P.
670 3684 793 3748 Lentuli
820 3705 960 3749 somnum
988 3705 1045 3748 neo
1067 3685 1104 3748 L.
1130 3685 1238 3749 Crassi
1259 3687 1366 3769 adipes
1387 3703 1443 3748 nec

200 3770 233 3835 0.
261 3769 384 3853 θαλλομί
406 3774 605 3835 temeritatem
623 3773 915 3856 pertimescendum,
931 3773 1052 3850 Quinct.
1068 3779 1107 3837 91
1124 3774 1240 3856 inopie,
1263 3773 1380 3836 anoin
1402 3777 1442 3836 13

197 3857 346 3919 Aebutius
362 3894 402 3940 ··.·
416 3857 605 3921 Caesenniae
620 3860 766 3922 uiduitote
786 3879 823 3921 oo
839 3859 1004 3922 solitudine
1016 3861 1161 3938 aleretur,
1185 3861 1259 3923 Sest
1270 3865 1311 3924 83
1334 3861 1442 3922 uitam·

196 3948 326 4006 mortem
348 3945 396 4020 tot.
420 3945 488 4010 Mil.
513 3950 570 4018 79;
595 3951 648 4019 86;
670 3946 727 4010 Ph.
750 3947 808 4021 IX,
833 3948 899 4024 15),
929 3945 1011 4008 Cael.
1035 3951 1076 4011 38
1106 3946 1248 4010 libidines
1270 3955 1324 4010 eto.
1345 3947 1442 4008 Pluri-

193 4030 253 4092 bus
274 4029 372 4092 verbis
394 4030 471 4092 illud
492 4052 580 4111 saepe
602 4032 784 4113 significatur
805 4053 824 4093 a
845 4031 989 4112 Vergilio,
1011 4054 1079 4095 cum
1099 4055 1160 4096 non
1179 4034 1350 4114 simpliciter
1363 4035 1443 4097 dicat

298 4237 331 4302 ω)
350 4237 390 4288 Of.
410 4237 518 4304 Klautg.
537 4255 563 4306 p.
582 4241 630 4303 97,
650 4239 788 4290 Cornificii
807 4238 992 4291 circuitionem
1011 4245 1040 4306 4,
1060 4243 1101 4306 32,
1120 4243 1163 4305 43,
1182 4242 1263 4307 Kays.
1283 4244 1341 4308 299,
1361 4243 1439 4294 Alex.

192 4305 289 4372 ap.Sp.
303 4307 352 4371 ΙΙΙ,
371 4311 413 4372 32,
431 4307 529 4361 Phoob.
548 4313 590 4371 47,
610 4308 669 4359 Tib.
690 4311 731 4370 75,
748 4309 849 4375 Tryph.
870 4310 927 4374 197,
947 4310 1025 4376 Grcg.
1037 4314 1095 4374 220,
1115 4310 1177 4363 Coc.
1197 4314 1256 4377 238,
1275 4313 1370 4379 Georg.
1382 4316 1441 4382 251,

195 4376 293 4427 Donat.
311 4392 353 4442 ap.
371 4378 403 4429 K.
423 4378 468 4442 1v,
488 4380 547 4442 400,
567 4378 668 4429 Charis.
688 4378 724 4428 ib.
743 4379 764 4442 1,
784 4383 843 4428 274.
