3136 5004
695 375 733 430 27

615 456 822 464 .—

93 581 133 643 h'i
156 583 276 646 telum
300 601 412 642 rreuuu
427 580 547 661 fugit.
593 578 807 661 Imprudentia
841 579 893 640 leli
923 579 1025 640 emissi
1057 578 1178 641 breuius
1203 581 1345 662 propriis

92 669 195 731 uerbis
218 669 331 750 erponi
353 687 416 730 uon
436 667 544 749 potuit,
568 685 661 750 quum
684 671 728 728 est
749 686 811 728 uuo
834 665 1005 747 sipuipcatc
1029 665 1189 728 translato.

203 789 249 850 De
270 787 494 850 necessaria
516 796 616 849 autem
646 788 822 868 metaphora
848 788 939 868 paulo
969 787 1059 849 altius
1081 786 1240 867 explicatio
1262 808 1343 867 repe-

93 874 184 935 tenda
206 875 332 939 videtur.
366 874 415 935 Ac
435 875 564 955 primum
579 874 738 935 dicendum
753 883 805 949 est,
826 874 906 936 hanc
921 875 1126 936 necessitatem
1140 872 1345 934 translationis

93 961 203 1040 gradus
225 961 370 1042 quosdam
392 960 516 1035 hahere;
539 981 635 1041 neque
657 961 736 1022 enim
757 962 836 1022 idem
859 969 918 1036 est,
941 961 966 1023 si
981 960 1073 1037 dicaS,
1096 961 1172 1023 vites
1183 980 1341 1040 gemmare,

93 1047 240 1108 luxuriem
254 1069 318 1109 esse
332 1048 363 1108 in
379 1047 486 1121 herbis,
510 1068 545 1108 ac
557 1047 582 1108 si
592 1047 760 1109 substantia
773 1068 893 1128 corpore
903 1068 1007 1109 carens
1021 1046 1140 1127 spiritus
1158 1047 1341 1127 appellatum

94 1155 164 1194 nam
187 1134 257 1209 illic,
280 1135 306 1196 si
328 1133 468 1197 voluntas
490 1133 607 1195 tulisset
628 1143 658 1195 et
679 1135 868 1209 consuetudo,
891 1155 937 1195 res
959 1133 1085 1214 propriis
1107 1133 1205 1196 verbis
1227 1133 1344 1194 definiri

93 1218 201 1300 potuit',
228 1221 278 1282 hic
305 1220 389 1280 nullo
416 1229 504 1300 paeto
536 1221 640 1300 potuit.
688 1221 805 1282 Deinde
839 1221 933 1283 cuivis
964 1219 1011 1282 vel
1045 1219 1150 1283 leviter
1177 1220 1343 1281 attendenti

93 1307 180 1369 facile
203 1318 336 1387 apparet,
359 1307 438 1368 hanc
452 1307 648 1368 necessariam
666 1308 879 1388 metaphoram,
902 1328 969 1368 cum
986 1315 1038 1368 aut
1050 1307 1203 1386 proprium
1216 1306 1341 1369 verbum

94 1394 184 1467 deest,
207 1394 279 1472 quia
300 1393 440 1472 loquendi
461 1394 642 1455 consuetudo
664 1393 781 1456 nullum
803 1394 952 1474 produxit,
976 1402 1029 1454 aut
1051 1393 1171 1454 omnino
1194 1413 1257 1453 esse
1280 1413 1341 1454 non
1428 1412 1431 1420 ·

93 1487 199 1559 potest,
220 1479 365 1554 latissime
386 1488 494 1559 patere,
518 1501 553 1541 ac
575 1501 613 1541 ne
634 1480 761 1560 digitum
782 1481 909 1560 quidem,
932 1488 967 1541 ut
979 1480 1023 1541 ita
1040 1479 1147 1554 dicam,
1169 1479 1343 1541 indicendo

94 1565 142 1628 vel
164 1565 312 1644 loquendo
333 1566 469 1645 progredi
495 1587 667 1646 possumus,
697 1567 755 1629 nisi
780 1566 981 1647 compluribus
1012 1565 1258 1628 translationibus
1291 1566 1343 1626 ad-

94 1651 204 1713 hibitis.
248 1652 313 1713 Nec
335 1652 451 1726 mimm,
475 1674 542 1713 cum
565 1654 662 1714 omnis
683 1654 759 1714 ratio
781 1653 978 1715 transferendi
993 1674 1031 1714 ex
1050 1652 1208 1714 collatione
1222 1661 1252 1713 et
1265 1673 1344 1714 com-

94 1738 248 1817 paratione
268 1738 487 1818 proficiscatur,
515 1760 576 1819 qua
606 1741 701 1801 omnis
730 1749 832 1802 nostra
863 1739 991 1820 cognitio
1013 1748 1043 1802 et
1066 1739 1190 1801 scientia
1212 1740 1344 1800 maxime

93 1824 205 1885 nititur.
249 1825 332 1886 Hinc
355 1845 443 1904 saepe
463 1825 574 1887 factum
598 1847 661 1888 esse
682 1827 849 1907 putandum
872 1835 924 1900 est,
946 1835 988 1901 ut,
1010 1847 1077 1888 cum
1092 1847 1138 1887 res
1152 1847 1232 1889 nova
1247 1826 1343 1886 nomi-

92 1911 196 1971 nanda
217 1919 297 1985 erat,
328 1932 406 1991 quae
434 1912 525 1975 verbo
555 1915 675 1993 proprio
704 1914 830 1975 indicari
858 1922 970 1992 posset,
1000 1921 1101 1974 tamen
1122 1933 1232 1974 nomeu
1255 1933 1342 1973 suum

93 2017 154 2057 non
176 2017 213 2058 ex
234 1998 355 2078 propria
376 1998 408 2060 vi
429 2019 500 2074 sua,
530 1999 582 2060 sed
610 2020 648 2060 ex
679 2000 781 2080 aliqua
801 2021 834 2062 re
856 1999 945 2060 simili
974 2000 1133 2061 sortiretur.
1177 2000 1249 2062 dam
1271 2019 1344 2062 vero

91 2104 198 2157 rerum,
219 2105 346 2164 quarum
369 2083 486 2146 nullum
508 2085 610 2147 subest
631 2107 751 2166 corpus,
780 2087 843 2149 sive
863 2086 994 2147 rationes
1016 2087 1164 2166 quaedam
1187 2106 1342 2165 corporum

90 2178 122 2231 et
146 2171 332 2232 condiciones
355 2179 432 2245 sunt,
454 2171 517 2234 sive
539 2172 739 2247 substantiae,
762 2193 840 2253 quae
861 2173 941 2234 cerni
962 2173 1105 2252 tangique
1125 2193 1187 2233 non
1209 2181 1342 2252 possunt,

90 2276 147 2317 nec
180 2256 309 2336 cognitio
342 2265 387 2318 est
420 2277 515 2337 neque
546 2259 640 2320 oratio
673 2268 703 2320 et
735 2259 897 2320 declaratio
927 2259 985 2320 nisi
1014 2280 1067 2338 per
1096 2259 1174 2320 hanc
1196 2259 1341 2320 rationem

90 2341 268 2404 collationis.
312 2342 394 2403 Nam
416 2343 491 2404 haec
518 2352 563 2405 est
583 2354 694 2406 natura
715 2345 930 2425 intelligentiae
950 2354 1085 2420 nostrae,
1115 2366 1175 2407 non
1197 2345 1285 2406 modo
1307 2353 1343 2406 ut

89 2429 188 2490 omnis
210 2429 406 2508 cognoscendi
427 2430 503 2491 ratio
524 2439 627 2491 nostra
649 2451 668 2491 a
690 2431 824 2492 sensibus
846 2431 982 2510 incipiat,
1005 2432 1057 2492 sed
1078 2440 1113 2493 ut
1134 2432 1242 2504 omnia,
1264 2451 1342 2510 quae

87 2516 214 2577 scientia
227 2515 472 2595 comprehendere
490 2537 655 2597 possumus,
677 2526 712 2578 ut
726 2516 904 2579 scholastica
916 2517 1045 2578 dictione
1056 2526 1132 2592 utar,
1156 2518 1211 2578 sub
1226 2518 1342 2578 ratione

88 2602 220 2682 corporis
248 2623 468 2681 cognoscamus.
522 2604 628 2683 Neque
657 2612 758 2665 tamen
792 2603 849 2665 hoc
882 2604 915 2664 in
948 2624 1014 2664 eam
1041 2612 1156 2683 partem
1186 2612 1341 2684 acceptum

87 2688 189 2763 velim,
211 2689 297 2769 quasi
320 2688 409 2750 homo
435 2689 556 2750 omnino
584 2690 660 2750 nihil
687 2691 854 2771 cognitione
877 2699 1064 2770 assequatur,
1090 2691 1170 2770 quod
1201 2711 1262 2751 nou
1284 2690 1341 2774 sub

88 2795 192 2836 sensus
222 2775 311 2836 cadat
343 2811 383 2820 —
414 2797 485 2837 nam
514 2777 609 2838 verba
637 2777 692 2838 illa
720 2776 861 2856 Apostoli
871 2776 908 2855 ⁷⁰)
936 2776 1106 2839 inuisibilia
1137 2781 1217 2838 euim
1243 2779 1341 2859 ipsias

85 2861 181 2942 (Dei),
213 2881 232 2924 a
263 2868 409 2923 creatura
436 2863 559 2937 usundi,
585 2883 643 2945 per
671 2884 725 2942 aa,
757 2883 837 2946 quae
858 2865 1057 2944 factasunt,
1088 2861 1242 2926 intellectu
1265 2884 1339 2927 cou-

87 2950 261 3030 spiciualur
282 2948 437 3011 verissima
467 2958 538 3010 sunt
558 2970 655 3030 neque
676 2951 704 3011 ei
726 2950 881 3024 audiendi,
903 2950 954 3030 qui
976 2950 1033 3012 hoc
1056 2950 1256 3013 firmissimum
1280 2972 1341 3012 non
1434 3017 1441 3028 ,

86 3034 178 3095 modo
203 3034 354 3115 religionis
381 3035 433 3097 sed
461 3036 551 3098 etiam
589 3037 753 3098 communis
787 3036 910 3098 rationis
941 3037 1127 3118 intelligendi
1158 3038 1341 3118 praesidium

86 3122 264 3201 impugnare
291 3130 321 3183 et
349 3122 472 3184 deiicere
502 3131 648 3184 conantur
677 3131 731 3184 aut
755 3123 817 3183 iam
840 3123 986 3185 deiectum
1008 3133 1129 3205 putant;
1161 3124 1267 3187 horum
1296 3125 1340 3186 in·

86 3227 180 3269 sanae
206 3207 370 3289 sapientiae
392 3218 481 3288 atque
502 3209 614 3270 delirae
639 3230 699 3270 non
722 3211 869 3290 estquod
890 3211 1025 3273 invideas
1047 3247 1089 3256 -
1112 3232 1215 3274 verum
1237 3233 1339 3274 earum

86 3295 336 3369 substantiarum,
363 3315 440 3375 quae
466 3315 525 3356 non
555 3296 690 3358 sensibus
716 3297 933 3378 percipiuntur,
963 3318 1023 3359 non
1051 3298 1172 3379 plenam
1203 3307 1256 3360 aut
1276 3319 1342 3379 per-

85 3380 196 3443 fectam
218 3402 323 3461 capere
345 3381 573 3462 intelligentiam
592 3403 758 3463 possumus,
782 3383 834 3445 sed
856 3405 922 3445 eam
936 3393 1063 3460 tantum,
1086 3393 1120 3446 ut
1132 3406 1186 3465 per
1196 3406 1240 3459 ea,
1263 3405 1344 3465 quae

85 3467 227 3542 efficiunt,
249 3468 319 3530 illas
341 3489 404 3530 esse
419 3469 587 3531 coniectura
610 3490 810 3550 assequamur,
833 3491 872 3531 ex
893 3471 993 3551 eisque
1015 3470 1095 3551 ipsis,
1118 3491 1195 3551 quae
1218 3491 1271 3550 per
1288 3492 1344 3533 eas·

85 3553 150 3615 fieri
180 3554 229 3617 vel
257 3555 338 3617 facta
367 3575 431 3617 esse
452 3557 659 3636 cognovimus,
690 3557 762 3637 quid
789 3566 819 3618 et
840 3557 943 3637 quales
967 3558 1040 3631 sint,
1071 3557 1173 3636 aliqua
1195 3578 1233 3618 ex
1254 3566 1344 3637 parte

85 3641 271 3720 colligamus.
314 3641 399 3704 Idem
422 3663 510 3723 saepe
531 3643 562 3703 in
584 3643 672 3704 rebus
694 3643 882 3705 naturalibus
905 3644 1076 3707 usuvenire
1096 3643 1240 3718 videmus,
1263 3665 1341 3724 quas

85 3748 270 3808 quamquam
292 3749 353 3789 nou
375 3730 493 3809 penitus
515 3738 684 3810 perspectas
706 3730 853 3792 hahemus
875 3739 977 3791 tamen
999 3750 1062 3791 esse
1084 3738 1113 3790 et
1134 3738 1251 3792 exstare
1273 3751 1339 3793 sen-

85 3814 184 3877 timus.
230 3815 426 3892 Quinetiam
447 3837 509 3878 non
529 3837 694 3897 numquam
717 3817 793 3878 tales
814 3837 861 3878 res
887 3817 926 3877 ad
955 3837 1042 3877 usum
1068 3824 1202 3878 nostrum
1225 3838 1339 3880 accom-

84 3901 258 3978 modamus,
287 3910 321 3962 ut
351 3902 413 3965 vim
446 3903 622 3966 electricam.
673 3904 795 3965 Harum
824 3902 915 3983 igitur
944 3903 1076 3963 omnium
1097 3923 1195 3965 rerum
1217 3925 1339 3986 corpore

86 3989 250 4051 carentium
271 3997 382 4050 natum
402 3989 460 4050 fert
481 3998 516 4050 ut
536 3988 623 4051 nulla
643 3990 765 4071 propria
786 3987 935 4053 vocabula
957 4009 1020 4058 esse
1042 3990 1164 4070 possint
1201 3992 1337 4054 Primum

85 4075 234 4138 Lockium
254 4076 335 4136 hanc
356 4075 500 4137 rationem
516 4085 546 4137 et
559 4076 707 4140 invenisse
721 4085 751 4138 et
765 4076 982 4138 demonstrasse
995 4076 1081 4138 docet
1096 4077 1139 4140 M.
1154 4079 1283 4140 Mueller
1291 4077 1337 4157 ⁷¹).

87 4160 145 4224 Sed
167 4164 275 4225 harum
305 4171 425 4243 propter
449 4162 654 4226 necessitatem
684 4163 844 4224 ascitarum
873 4162 1102 4225 translationum
1130 4173 1194 4226 tum
1216 4166 1337 4226 demum

192 4397 223 4466 ⁷⁰)
242 4398 317 4449 Paul.
337 4400 371 4450 ad
388 4399 460 4450 Rom.
482 4403 504 4462 1,
524 4400 563 4448 20.
603 4399 633 4464 Η)
650 4400 702 4451 vol.
724 4399 758 4463 II,
778 4402 837 4450 369.
