3136 5004
819 367 859 425 14

208 572 337 651 farinas
359 585 439 631 7777
460 568 574 630 7771777
595 568 714 650 7777777,
738 567 775 634 cf.
792 568 910 636 Cluent.
934 576 989 645 87;
1011 571 1055 636 V.
1080 577 1106 644 1,
1130 575 1189 645 21;
1213 577 1241 646 2,
1258 577 1315 647 27;
1338 572 1465 646 Vat9;

216 677 298 738 prov.
322 677 347 718 c.
372 660 409 729 4;
431 655 538 734 Pomp.
563 659 620 727 28;
645 659 694 717 29.

317 741 397 804 Aliis
419 740 511 820 tropis
533 740 582 802 vel
603 740 704 820 figruis
727 741 825 803 ascitis
847 742 894 805 vis
916 722 1092 823 hyperbolen¹
1114 744 1277 806 intenditur
1307 745 1353 806 his
1375 744 1465 818 locis;

215 829 332 892 Cluent
357 833 396 890 72
421 847 460 889 ecc
475 827 594 907 froude
617 833 646 889 77
667 827 828 890 7777717777
849 828 964 902 factus;
990 830 1080 892 Rosc.
1102 830 1134 892 O.
1159 836 1199 894 20
1222 829 1374 894 Nereae
1362 851 1464 913 ipsam

216 922 308 998 rapat
319 921 348 981 et
364 913 580 1014 supercilia—
594 913 677 976 olere
694 911 846 986 malitiam
863 921 891 976 77
911 913 1070 978 clamitare
1085 913 1283 979 calliditatem
1298 916 1463 980 videatur?

214 1023 278 1068 777
301 1000 373 1063 ab
361 1003 431 1062 777777
452 998 604 1080 anpaibas
624 1000 778 1082 usquead
795 1002 1105 1064 uerticemsammam
1125 1004 1298 1084 77]7,777777
1320 1004 1462 1079 fallaciis,

215 1088 383 1151 mendaciis
406 1091 546 1149 constare
569 1086 808 1148 7777771777777
842 1088 894 1148 Pis
918 1093 958 1152 28
979 1089 1098 1164 foedas,
1121 1091 1211 1172 qaod,
1233 1091 1463 1171 meosaayaiae

215 1177 324 1252 iceras,
348 1178 492 1254 77779777
513 1171 707 1252 celerarat
728 1172 793 1238 1777
818 1194 894 1254 resp.
912 1175 975 1253 11);
998 1174 1055 1242 Ph.
1067 1175 1109 1248 ΙΙ,
1133 1181 1173 1238 35
1187 1176 1463 1258 cbireyrapberam

215 1262 358 1342 efficiam
379 1260 431 1321 Pis
455 1265 495 1323 62
521 1255 548 1322 0
571 1257 723 1337 tenebrae,
746 1259 858 1335 17777777,
885 1262 991 1322 sordes
1012 1270 1066 1322 777.
1110 1261 1155 1323 Of.
1177 1261 1256 1328 dom
1282 1268 1359 1336 124;
1385 1267 1465 1336 131;

214 1349 234 1411 l.
260 1369 286 1410 7.
308 1348 349 1422 Π,
373 1352 429 1420 47,
453 1345 509 1408 Ρ17.
532 1345 574 1420 II,
598 1351 654 1420 59;
677 1345 752 1407 Sest.
777 1351 828 1410 54.
857 1346 983 1409 Volkm.
1006 1346 1112 1409 laudat
1133 1348 1231 1411 locum
1249 1311 1463 1410 Terentianum

213 1436 273 1497 Ad.
288 1441 361 1498 760.
376 1436 455 1515 ipsa,
478 1433 505 1494 71
528 1433 639 1514 capiat,
663 1428 757 1494 Salas
771 1451 896 1510 seruare
914 1452 1045 1515 prorsas
1066 1452 1130 1504 777
1147 1440 1249 1534 potest
1271 1435 1350 1523 177777
1364 1437 1462 1516 fami·

214 1522 295 1586 liam
329 1521 472 1583 Similiter
492 1519 564 1580 dicit
583 1519 645 1581 Cic.
657 1517 744 1585 Brut
760 1523 822 1580 212
844 1538 941 1599 penas
955 1518 1149 1600 (Scipionum)
1168 1541 1208 1582 77
1223 1515 1322 1604 ipsias
1338 1523 1457 1604 sapiere

214 1610 275 1672 tiae
304 1609 398 1708 stirpe
418 1611 617 1687 pererratam,-
646 1605 690 1676 V
715 1604 992 1690 3,131Eeqaed
1021 1606 1395 1670 77717777117777777777
1417 1643 1461 1654 -

213 1695 422 1757 nummariam
437 1694 513 1772 sere
531 1693 659 1772 putasti,
682 1710 743 1774 qao
766 1711 806 1754 777
829 1692 942 1754 iudicia
967 1698 994 1754 77
1016 1690 1085 1756 717
1097 1690 1189 1756 Salas
1201 1713 1325 1757 7777777
1335 1699 1461 1777 posset!

212 1781 301 1854 Font
326 1777 484 1850 2187177
511 1779 1189 1862 77771777777777777777777777777777777771.
1212 1780 1269 1842 Ph.
1291 1781 1367 1856 XII,
1392 1783 1464 1861 17);

212 1868 252 1930 V.
277 1871 389 1942 5,171
414 1867 441 1927 si
462 1865 602 1928 baec—
624 1865 666 1927 ad
689 1883 770 1927 7777
793 1865 955 1948 deplorare
977 1865 1103 1928 77117777.-
1125 1872 1227 1929 tamea
1249 1869 1353 1930 77777717
1375 1873 1461 1930 mata

213 1959 304 2038 atque
333 1953 505 2014 7777777777
532 1957 814 2031 7777777777777777,·
845 1951 943 2012 Rufin
967 1952 1026 2032 (ap.
1050 1952 1093 2015 H.
1117 1955 1172 2033 47)
1203 1953 1276 2015 71777
1304 1974 1342 2015 ex
1363 1975 1405 2016 77.
1427 1975 1458 2034 p.

213 2042 324 2102 Scauro
348 2045 364 2115 ἕ
389 2043 445 2102 25.
472 2035 640 2118 Campus
628 2056 692 2118 ipse
708 2057 756 2100 777
770 2056 896 2100 causam
906 2058 1009 2120 paene
1028 2039 1131 2101 71777717
1153 2038 1328 2113 Leontinus
1352 2040 1387 2105 cf.
1401 2040 1460 2104 Ph.

209 2129 251 2202 X,
275 2133 310 2201 83
333 2124 415 2188 Cael.
439 2130 489 2188 60.
526 2123 721 2223 Hyperbolae
742 2144 796 2204 per
816 2126 1033 2199 correctionem,
1056 2125 1092 2187 de
1114 2146 1175 2204 qua
1196 2126 1227 2185 in
1246 2127 1458 2188 sententiarum

209 2214 310 2295 figuri,
333 2221 445 2292 agean,
468 2210 593 2272 altera
583 2229 704 2290 msuper
726 2211 846 2272 additur
865 2211 922 2274 Ph.
946 2213 988 2285 Π,
1012 2217 1069 2275 67·
1062 2259 1068 2273 .
1099 2232 1179 2295 qaae
1204 2210 1374 2293 Charybdis
1396 2220 1459 2276 77777

209 2300 331 2362 aerari
363 2297 551 2378 Charybdim
578 2297 665 2359 dico?
694 2316 772 2378 qaae
795 2299 822 2360 si
835 2299 918 2378 fait,
942 2300 1000 2365 17777
1022 2298 1138 2361 animal
1159 2319 1273 2362 auare:
1307 2297 1458 2379 07777777,

210 2407 257 2450 rae
280 2387 349 2449 dias
362 2385 468 2463 fidius,
490 2385 544 2446 717
567 2384 688 2446 uidetur
710 2389 753 2446 777
774 2403 835 2460 777,
859 2390 923 2447 7777-
944 2385 1117 2467 dissipatas,
1142 2391 1206 2446 77777
1222 2387 1281 2448 cito
1297 2384 1460 2449 absorbere

231 2475 353 2537 77771777.

204 2496 228 2557 p
312 2560 363 2620 Ex
392 2558 451 2619 hae
480 2556 682 2636 exemplorum
712 2555 885 2618 collectione
914 2556 947 2617 id
981 2577 1123 2637 apparere
1149 2566 1236 2637 puto,
1270 2578 1330 2619 nou
1360 2558 1457 2620 solum

208 2648 378 2709 Ciceronem
407 2645 440 2705 in
461 2644 518 2705 hoc
539 2663 646 2722 genere
668 2643 762 2704 multo
785 2663 848 2704 esse
870 2643 1061 2722 copiosiorem
1083 2644 1299 2719 Demosthene,
1322 2645 1374 2706 sed
1396 2665 1460 2706 cm·

186 2728 189 2733 ’
207 2734 279 2794 nino
300 2731 506 2813 procliviorem
527 2730 567 2791 ad
588 2730 644 2791 hoc
666 2729 784 2790 dicendi
805 2749 898 2808 genus
919 2729 1022 2803 fuisse3
1046 2731 1126 2809 quod
1138 2739 1239 2792 tamen
1253 2751 1314 2792 uon
1335 2731 1367 2792 in
1390 2752 1457 2793 eam

206 2829 322 2900 partem
345 2826 499 2897 acceptum
521 2815 619 2890 velim,
642 2815 728 2894 quasi
750 2817 835 2877 Dem.
856 2836 917 2876 nou
938 2816 1009 2878 item
1026 2836 1061 2877 ac
1077 2817 1165 2878 ceteri
1182 2817 1315 2897 plerique
1325 2827 1460 2879 oratores

207 2927 270 2967 rem
292 2925 379 2985 saepe
400 2903 498 2966 verbis
520 2903 651 2976 auxerit,
679 2901 731 2964 sed
752 2902 828 2962 illud
849 2902 909 2964 fere
930 2903 974 2964 ita
995 2923 1062 2964 eum
1085 2904 1170 2982 quasi
1193 2904 1368 2984 surripuisse
1389 2926 1459 2966 con·

190 2993 305 3066 tendo,
327 2991 431 3069 utqui
452 3009 513 3064 res,
539 2988 576 3050 de
604 2988 712 3068 quibus
732 2989 891 3068 agebatur,
913 3010 974 3050 nou
996 2990 1130 3069 cognitas
1152 2990 1291 3064 habebat,
1314 2991 1367 3053 vix
1389 2992 1457 3052 ani·

207 3079 416 3141 madverteret.
450 3076 562 3137 Contra
583 3074 644 3137 Cic.
672 3075 704 3135 in
735 3075 914 3155 quibusdam
935 3075 1069 3156 partibus
1092 3085 1126 3137 ut
1148 3077 1179 3136 in
1201 3078 1339 3139 omnibus
1360 3097 1459 3158 paene

207 3163 452 3245 perorationibus,
462 3161 570 3223 deinde
581 3161 812 3242 quotiescunque
823 3162 917 3223 oratic
928 3163 959 3222 in
971 3163 1154 3225 adversarios
1166 3164 1310 3225 inciderat
1321 3164 1458 3237 Verrem,

207 3251 361 3325 OEodium,
383 3249 536 3322 Pisonem,
558 3248 738 3323 Gabinium,
761 3249 936 3321 Antonium,
960 3249 1050 3323 71177,
1079 3249 1165 3329 quasi
1191 3271 1244 3311 suo
1266 3251 1329 3311 iure
1350 3250 1456 3330 hyper·

206 3338 283 3416 bolis
312 3337 519 3398 debacchatur.
568 3335 634 3396 Nec
662 3335 760 3396 minus
790 3335 843 3395 ubi
863 3335 998 3414 Pompeii
1018 3337 1198 3398 mentionem
1219 3336 1317 3398 facere
1341 3337 1455 3417 incipit,

206 3427 237 3504 in
259 3425 316 3486 hoc
338 3423 454 3485 dicendi
476 3437 570 3501 genus
592 3420 748 3495 delabitur,
770 3434 858 3501 quem
880 3421 920 3481 in.
934 3442 975 3485 77.
991 3443 1021 3502 p.
1042 3444 1066 3487 r.
1080 3443 1109 3502 p.
1134 3428 1172 3485 16
1191 3422 1288 3485 virum
1311 3424 1454 3499 omnium,

206 3507 970 3608 quisunt,etrrrnt,fuer1mt,virtute,sapientia,
996 3509 1092 3588 gloria
1119 3509 1281 3589 principem
1305 3510 1455 3590 appellat,

206 3599 243 3665 cf
266 3597 354 3660 Belb.
379 3602 407 3660 9.
442 3555 525 3657 171777
547 3615 647 3656 omnes
669 3591 769 3656 autem
792 3595 854 3656 eius
876 3595 1022 3656 orationes
1044 3594 1118 3667 mihi
1140 3595 1218 3656 duae
1238 3605 1307 3676 post
1326 3596 1454 3658 reditum

205 3685 291 3746 habit
278 3693 312 3746 tu
333 3682 464 3744 maxime
485 3681 570 3745 istius
591 3680 672 3742 modi
694 3682 757 3743 veri
779 3680 1029 3761 superlationibus
1043 3681 1196 3742 abundare
1210 3682 1356 3745 videntur.
1394 3683 1455 3745 Sed

206 3771 243 3832 de
264 3769 463 3851 hyperbole
454 3789 516 3830 ram
543 3768 615 3830 satis
636 3768 735 3828 multa
756 3768 837 3830 dicta
857 3787 920 3828 esse
941 3766 1094 3829 videntum:
1123 3789 1282 3848 pergamus
1309 3771 1348 3832 ad
1377 3769 1456 3830 illud

205 3877 313 3937 genus,
342 3856 435 3936 quod,
467 3875 534 3917 aum
556 3854 736 3935 hyperbolae
758 3854 887 3934 quodam
909 3853 997 3914 modo
1019 3854 1057 3915 sit
1085 3856 1295 3930 censuarium,
1325 3857 1363 3916 ob
1385 3877 1455 3917 earn

206 3963 328 4005 eausam
350 3951 380 4004 et
400 3942 497 4022 ipsum
521 3939 723 4023 synecdochae
744 3940 899 4004 subiicitur
920 3948 950 4001 et
972 3961 991 4001 a
1012 3940 1124 4021 Tryph.
1146 3945 1206 4023 (ap.
1230 3942 1283 4022 Sp.
1296 3942 1354 4017 ΙΠ,
1379 3944 1456 4022 204),

687 4121 807 4259 Antip
816 4143 963 4236 brasis

205 4312 382 4393 appellatur.
426 4307 509 4370 Idem
533 4308 573 4370 ab
594 4308 683 4370 Alex.
705 4309 841 4409 (SpssI
841 4300 1201 4412 ,37)’7777777717777
1223 4310 1295 4374 711717
1282 4321 1338 4386 t,ur
1361 4329 1451 4411 quam

203 4408 267 4461 tum
282 4400 380 4462 locum
393 4397 503 4459 habere
524 4390 666 4470 scribit,
612 4387 732 4461 7717777
748 4419 785 4460 77
809 4393 955 4463 17777177
977 4421 1012 4463 77
1014 4420 1081 4480 epa
1102 4419 1189 4472 τινος
1204 4397 1356 4474 τιθέντες
1372 4388 1454 4462 abab
