3136 5004
771 401 789 456 3

155 623 190 662 eo
213 601 308 680 accipi
330 622 417 662 sensu
439 609 519 681 puto,
542 622 601 680 quo
624 603 770 663 sententia
793 611 823 664 et
843 623 889 663 res
911 603 1009 665 verbis
1032 602 1142 682 opponi
1163 602 1267 675 solent,
1289 601 1341 662 sed
1363 622 1407 675 eo,

155 709 215 766 quo
244 687 362 766 singula
383 687 476 750 verba
498 688 525 749 ei
546 689 704 749 verborum
727 689 928 750 coniunctioni
951 698 1155 769 opponuntur,
1185 709 1262 767 quae
1283 687 1405 768 plenum

155 773 284 853 aliquem
298 795 416 834 sensum
428 774 567 848 efficiunt,
590 775 671 853 quod
682 774 860 836 Germanice
875 776 966 838 verbo
977 776 1084 849 „Satz“
1094 775 1257 854 exprimere
1269 775 1405 836 solemus,

154 860 321 920 Verborum
345 860 435 939 igitur
455 861 567 939 figurae
589 869 761 940 spectantur
775 862 807 920 in
821 861 919 924 verbis
934 861 1067 941 siugulis,
1090 861 1121 920 in
1135 861 1287 922 sententiis
1306 870 1405 922 autem

153 946 201 1008 vel
224 947 478 1008 enuntiationibus
499 948 712 1008 sententiarum
733 947 855 1026 figurae.

257 1051 308 1110 Ex
329 1050 371 1110 eis
404 1059 503 1111 autem
525 1051 661 1130 partibus
683 1060 836 1130 troporum
858 1061 888 1112 et
909 1052 1087 1130 figurarum,
1117 1072 1194 1130 quae
1216 1072 1235 1112 a
1256 1053 1404 1114 veteribus

155 1137 321 1210 traduntur,
345 1137 441 1198 multa
463 1136 624 1198 resecanda
647 1146 723 1211 sunt,
746 1138 826 1217 quod
841 1139 906 1198 nisi
920 1139 977 1212 fiet,
1001 1159 1046 1199 res
1060 1138 1092 1198 in
1106 1138 1282 1198 immensum
1299 1149 1403 1219 serpet.

153 1223 234 1282 Nam
264 1223 385 1302 quidam
416 1243 517 1284 eorum
548 1232 582 1284 ut
609 1224 737 1284 incertus
767 1233 871 1285 auctor
901 1246 949 1305 ap.
973 1224 1082 1304 Speng.
1111 1225 1170 1285 III.
1193 1245 1222 1304 p.
1250 1231 1308 1286 111
1333 1247 1404 1306 sqq„
1462 1281 1470 1307 ,

153 1309 205 1388 qui
228 1330 297 1370 suas
320 1329 351 1370 se
372 1309 482 1388 figuras
506 1331 544 1370 ex
566 1310 755 1390 Hermogene
778 1310 903 1390 aliisque
924 1311 1103 1390 excerpsisse
1131 1311 1290 1391 profitetur,
1314 1313 1404 1373 etiam

142 1395 228 1456 'tales
259 1395 375 1456 dicendi
405 1395 515 1456 formas
544 1396 575 1455 in
597 1396 707 1475 figuras
728 1398 854 1476 recepit,
885 1418 961 1477 quae
990 1397 1050 1458 fere
1081 1397 1112 1457 in
1135 1397 1265 1458 secunda
1287 1417 1405 1478 quaque

152 1482 301 1543 sententia
323 1501 472 1542 occurrere
497 1481 600 1543 solent.
646 1483 757 1544 Omnia
779 1483 870 1562 igitur
891 1483 1063 1557 removebo,
1086 1484 1117 1542 in
1141 1483 1248 1562 quibus
1269 1505 1330 1544 non
1353 1494 1405 1546 aut

152 1568 231 1628 fictio
260 1568 308 1630 vel
322 1567 472 1628 simulatio
491 1577 544 1628 aut
555 1569 657 1648 aliqua
669 1590 716 1630 ars
728 1570 876 1630 maior-
888 1591 965 1650 quae
978 1579 1078 1631 tamen
1101 1569 1199 1649 qualis
1218 1571 1257 1630 sit
1269 1571 1405 1632 universe

152 1675 207 1714 nec
229 1655 301 1714 satis
324 1654 476 1714 commode
498 1675 553 1716 nec
574 1656 728 1735 perspicue
750 1656 865 1716 definiri
895 1664 1055 1754 potest—
1079 1655 1315 1751 deprehenditur.
1360 1658 1405 1720 Ut

152 1762 171 1800 a
193 1740 373 1819 quibusdam
396 1736 705 1826 προδιόοῧωσις,
697 1732 1003 1828 πριιπαρασκευὴ,
997 1733 1272 1843 scripseritque,
1295 1743 1405 1804 similia

153 1827 192 1887 ad
215 1827 428 1888 sententiarum
450 1828 561 1928 figuras
583 1828 680 1889 relata
647 1837 785 1902 tsunt,
808 1829 860 1890 sed
882 1829 955 1908 quid
976 1828 1072 1908 magis
1086 1829 1249 1890 secundum
1264 1839 1403 1890 naturam

153 1923 198 1974 est
219 1935 310 1992 quam
332 1933 369 1974 ea
390 1914 589 1993 praemunire,
609 1936 698 1994 quae
732 1916 789 1975 nisi
818 1915 1042 2015 diligentissime
1072 1916 1296 2014 praeparaveris
1318 1915 1404 1979 vehe

151 2010 265 2060 menter
277 1999 455 2061 offenditur?
444 2001 611 2079 lItemque
622 2022 658 2062 ea
672 2002 915 2081 praetermittam,
930 2021 1007 2081 quae
1020 2012 1140 2082 propter
1154 2002 1250 2080 ipsam
1264 2011 1404 2063 naturam

153 2107 238 2146 suam
260 2107 321 2147 non
342 2095 467 2188 possunt
488 2087 574 2148 certis
598 2096 651 2148 aut
668 2088 735 2148 fixis
747 2089 880 2149 terminis
892 2088 1092 2149 circumscribi
1107 2097 1141 2149 ut
1153 2083 1404 2171 συναθροισμὸς

151 2182 229 2235 et
203 2166 481 2270 ἑπιτροχαιιμός.
508 2173 590 2234 Nam
612 2175 720 2253 quibus
743 2184 773 2235 et
794 2183 866 2254 quot
887 2175 937 2236 vel
951 2175 1049 2236 verbis
1072 2175 1120 2236 vel
1135 2173 1275 2235 membris
1291 2195 1404 2236 coacer-

151 2259 229 2320 vatis
253 2251 516 2344 σινιαθροισμόν,
548 2260 598 2321 vel
627 2261 758 2357 quibus*
757 2262 833 2322 inter
854 2281 900 2321 res
924 2261 1069 2341 singulas,
1102 2281 1179 2341 quae
1206 2261 1403 2335 conferuntur,

150 2344 316 2406 intervallis
345 2346 503 2406 interiectis
531 2341 779 2429 ἐπιτροχασιιὸν
812 2348 937 2408 existere
969 2348 1190 2408 existimemus?
1234 2347 1282 2408 Ea
1314 2348 1405 2426 igitur

150 2441 378 2511 praetereamus

250 2537 411 2611 Postremo,
434 2538 608 2617 priusquam
632 2538 671 2597 ad
693 2538 812 2616 singula
827 2538 986 2599 tractanda
1002 2538 1196 2618 aggrediar,
1189 2559 1219 2597 ιιι
1241 2538 1299 2599 hac
1317 2548 1402 2618 parte

147 2622 278 2702 generali
300 2623 389 2684 etiam
413 2624 515 2704 aliqua
536 2625 572 2684 de
595 2623 732 2684 subsidiis
755 2625 975 2704 praemonenda
997 2633 1074 2698 sunt,
1097 2624 1205 2703 quibus
1220 2624 1252 2683 in
1273 2624 1320 2684 his
1336 2646 1403 2685 con·

147 2710 308 2770 scribendis
331 2731 401 2770 usus
424 2731 499 2773 sum.
544 2711 646 2790 Atque
667 2711 698 2770 in
721 2711 869 2772 Ciceronis
881 2710 917 2790 ¹⁰)
948 2711 1131 2772 orationibus
1162 2710 1345 2772 excutiendis
1373 2722 1402 2772 et

148 2797 274 2857 citandis
296 2796 454 2857 editionem
477 2817 496 2857 a
517 2797 637 2858 Baitero
659 2806 689 2857 et
710 2796 836 2858 Halmio
868 2806 1003 2858 curatam
1032 2818 1140 2876 eosque
1169 2796 1260 2858 libros
1283 2807 1400 2858 secutus

148 2903 222 2956 sum,
246 2903 318 2962 quos
340 2883 389 2943 hic
412 2883 442 2942 in
466 2904 553 2943 usum
576 2882 744 2944 scholarum
767 2885 928 2963 separatim
951 2884 1051 2958 edidit,
1074 2884 1105 2943 in
1122 2884 1209 2944 Dem.
1233 2883 1401 2946 adhibendo

147 2968 304 3029 lectionem
326 2969 562 3043 Dindorfianam,
586 2969 713 3030 exclusis
736 2970 796 3030 illis
819 2971 1010 3043 orationibus,
1034 2991 1108 3050 quas
1132 2970 1248 3050 spurias
1270 2991 1333 3030 esse
1350 2980 1402 3032 aut

148 3056 225 3115 inter
247 3076 348 3116 omnes
371 3063 424 3115 aut
437 3056 580 3134 plurimos
599 3065 730 3117 constat:
753 3056 827 3116 VH.
843 3057 884 3117 X.
899 3057 957 3117 XI.
973 3057 1048 3117 XII.
1062 3056 1154 3117 XIII.
1170 3057 1277 3117 XVII.
1293 3057 1400 3118 XXV.

147 3141 272 3203 XXVI.
294 3142 434 3202 XXXV.
456 3141 526 3202 XL.
548 3142 652 3202 XLII.
675 3143 795 3203 XLIII.
817 3143 936 3204 XLIV.
958 3142 1077 3204 XLVI.
1095 3143 1231 3204 XLVII.
1246 3142 1399 3204 XLVHI.

147 3228 268 3289 XLIX.
290 3228 360 3289 LII.
383 3228 469 3288 LIII.
492 3228 611 3289 LVHI.
635 3228 720 3289 LIX.
736 3229 805 3290 LX.
824 3229 910 3290 LXI.
945 3230 1104 3290 Praeterea
1119 3250 1228 3308 magno
1247 3229 1320 3289 mibi
1334 3230 1401 3290 usui

148 3314 268 3374 fuerunt
295 3314 474 3376 Rhodantzii
503 3315 593 3375 editio
620 3314 695 3376 XII.
724 3315 891 3376 orationum
921 3315 1234 3388 Demosthenicarum,
1272 3316 1402 3395 Kayseri

147 3410 244 3474 notae,
266 3422 341 3480 quas
363 3401 485 3461 editioni
507 3401 656 3462 Cornificii
679 3402 793 3475 adiecit,
815 3401 926 3462 Blassii
947 3402 1036 3475 liber,
1060 3402 1111 3481 qui
1133 3401 1303 3463 inscribitur
1327 3402 1401 3475 „Die

149 3487 273 3548 attiscbe
295 3486 536 3548 Beredsamkeit“
559 3488 671 3568 (Leipz.
699 3491 808 3568 1877);
833 3489 869 3549 de
891 3488 1100 3549 Demosthenis
1122 3488 1223 3567 figuris
1240 3488 1400 3567 separatim

148 3575 265 3654 scripsit
286 3574 421 3634 Tiberius
444 3577 501 3653 (ap.
525 3574 633 3654 Speng.
656 3575 714 3647 III,
739 3581 777 3636 (tl
802 3576 893 3654 sqq.),
917 3575 999 3635 cuius
1022 3574 1098 3635 liber
1118 3595 1166 3634 me
1188 3594 1248 3634 non
1271 3573 1399 3634 multum

149 3659 272 3721 adiuvit.
316 3661 353 3720 In
375 3661 510 3722 doctrina
531 3669 682 3740 troporum
705 3668 735 3721 et
756 3661 823 3740 figg.
846 3661 1054 3722 constituenda
1079 3668 1196 3720 secutus
1221 3680 1286 3720 sum
1298 3659 1400 3720 Corni-

148 3747 207 3806 ficii
229 3746 438 3808 rhetoricorum
462 3747 500 3808 ad
523 3747 596 3808 Her.
611 3746 702 3808 libros
721 3747 770 3807 IV
787 3755 816 3807 et
831 3747 1013 3824 Quintiliani
1028 3747 1152 3806 institut.
1169 3755 1241 3806 orat.
1257 3746 1308 3806 lib.
1331 3747 1399 3806 XII

147 3833 203 3911 (ed.
227 3833 352 3912 Halm),
375 3834 482 3912 quibus
505 3832 541 3894 de
563 3833 620 3894 hac
642 3854 673 3894 re
694 3833 856 3912 plurimum
878 3833 1068 3894 tribuendum
1090 3853 1153 3892 esse
1176 3853 1293 3906 censeo;
1316 3852 1399 3912 prae·

147 3929 228 3980 terea
250 3941 287 3981 ex
308 3920 456 3981 veteribus
479 3940 548 3980 usus
572 3941 636 3980 sum
661 3920 752 3999 ipsius
775 3920 925 3981 Ciceronis
947 3919 1030 3980 libris
1053 3918 1212 3992 rhetoricis,
1235 3919 1267 3978 in
1291 3919 1398 3998 quibus

255 4144 285 4208 ¹⁰)
304 4145 375 4206 Quia
399 4146 556 4210 opusculum
579 4163 665 4196 meum
691 4162 787 4211 magna
811 4163 843 4195 cx
867 4154 940 4210 parte
962 4145 1029 4194 locis
1056 4144 1146 4194 citatis
1171 4144 1340 4206 conficietur,
1363 4158 1398 4204 ne

148 4211 290 4277 spatiosius
309 4215 362 4274 fiat,
382 4230 461 4277 quarn
481 4215 627 4265 eiusmodi
646 4215 786 4280 scriptioni
805 4215 960 4278 conveniat,
981 4214 1008 4262 in
1027 4215 1077 4263 hac
1095 4229 1123 4263 re
1142 4215 1256 4263 niaxime
1273 4211 1399 4262 brevitati

148 4282 305 4332 studendum
330 4293 376 4344 est,
403 4283 436 4332 ob
462 4298 571 4348 euinque
594 4301 700 4336 causam
720 4285 748 4334 in
772 4291 883 4348 utroque
909 4291 1016 4334 auctore
1047 4283 1195 4332 adhibendo
1220 4281 1399 4348 paragruplros

148 4359 252 4401 tantum
271 4351 393 4402 indicabo
413 4352 492 4403 etiarn
511 4361 580 4416 turn,
606 4370 665 4404 cum
684 4369 724 4419 ap.
746 4354 802 4404 Cic.
820 4353 881 4402 finis
906 4353 1002 4418 capitis
1027 4353 1054 4402 in
1074 4353 1187 4403 mediam
1205 4351 1400 4417 paragraphum

151 4420 253 4472 incidit.
