3138 5004
827 395 867 453 98

740 477 947 488 —

220 599 445 660 ratiocinatione
474 607 504 659 et
531 597 614 672 subi,
644 597 700 659 hoe
730 619 839 659 nomen
868 599 943 659 nihil
973 601 1057 661 aliud
1085 621 1190 663 sonare
1219 601 1349 676 videtur,
1375 623 1460 682 quam

211 685 472 748 ‘continuationem
494 684 626 765 plurium
648 685 736 745 huius
758 706 786 764 g.
807 685 1018 766 exemplorum,
1041 696 1075 748 ut
1096 688 1192 767 gradu
1212 697 1331 749 tantum
1352 689 1462 750 differat

170 818 171 822 ,
221 793 240 833 a
262 772 388 853 simplici
408 771 512 835 ratioc.
536 779 566 832 et
586 771 672 845 subi,
695 792 756 832 non
776 792 890 851 genere.
934 773 1037 834 Etiam
1059 774 1175 848 exeis,
1199 795 1276 854 quae
1296 775 1357 836 iam
1377 795 1462 854 supra

220 859 316 933 attuli,
338 857 486 919 nonnulla
507 857 565 918 huc
592 858 671 919 malti
699 866 832 937 possunt,
854 868 1007 938 praeterea
1036 860 1226 923 evolvantur:
1264 862 1354 922 Dem.
1376 861 1462 935 XIX,

221 949 292 1019 294,
316 950 389 1018 231,
412 950 484 1018 206,
507 944 563 1017 Ν,
587 949 637 1018 34,
660 945 717 1018 ΙΧ,
742 949 791 1017 36,
814 965 857 1025 sq.
868 945 942 1019 XX,
968 950 1030 1007 114
1052 967 1095 1026 sq.
1117 956 1171 1009 etc.
1202 947 1393 1012 CicCaecin.
1410 953 1464 1020 24;

220 1030 373 1104 dom.13;
398 1037 453 1104 72;
475 1030 564 1092 Balb.
589 1036 605 1093 7
616 1052 623 1104 ;
646 1030 725 1095 Rab.
748 1031 784 1096 P.
811 1036 848 1092 11
865 1051 909 1111 sq.
944 1031 1010 1096 Mil.
1036 1038 1089 1105 15;
1113 1039 1170 1106 59;
1194 1040 1235 1096 60
1246 1054 1256 1110 ,⁶
1278 1034 1318 1096 V.
1335 1039 1363 1107 5,
1390 1040 1464 1106 110;

221 1123 250 1191 3,
273 1119 331 1191 25;
354 1118 374 1180 1.
397 1138 424 1179 a.
446 1118 487 1191 H,
512 1122 553 1181 38
575 1125 629 1178 etc.
667 1117 754 1180 Haec
776 1137 892 1198 quoque
914 1118 1010 1180 forma
1021 1127 1182 1199 usurpatur
1203 1120 1243 1180 ad
1264 1120 1465 1181 transitionem

219 1203 420 1279 muniendam,
443 1212 477 1264 ut
499 1206 538 1267 V.
563 1208 592 1278 ὅ,
617 1208 678 1266 119
699 1224 816 1288 provee
840 1201 966 1265 dolores
990 1203 1114 1269 tavena·
1125 1205 1340 1288 parentibus:
1362 1226 1465 1267 verum

221 1301 326 1350 tameo
354 1310 440 1351 more
465 1289 510 1350 sit
541 1300 692 1352 eatrema.
743 1287 818 1350 Noa
849 1289 920 1352 erit.
973 1289 1076 1352 Estne
1106 1289 1237 1376 ale'paid
1268 1290 1376 1372 ultra,
1408 1312 1466 1376 quo

220 1373 397 1438 crudelitas
412 1373 573 1460 propredr'
589 1375 719 1457 possit?
752 1373 945 1458 Repere‘etar
973 1386 1027 1439 etc.
1070 1379 1173 1440 Etiam
1203 1387 1289 1441 extra
1310 1379 1466 1459 interroga-

220 1463 330 1524 tionem
352 1463 414 1524 tele
435 1463 523 1543 quasi
545 1463 712 1525 diverbium
734 1463 797 1524 fieri
817 1472 923 1544 potest,
945 1472 980 1525 ut
1000 1464 1040 1526 V.
1065 1470 1092 1539 3,
1118 1471 1178 1529 196
1201 1463 1402 1540 frumentum
1423 1485 1466 1525 me

220 1547 277 1610 abs
302 1559 329 1610 te
352 1570 451 1612 emere
473 1559 600 1632 oportet.
644 1547 811 1634 »Optuma«
853 1546 1020 1612 »Modiam
1042 1547 1205 1612 denario«
1248 1550 1412 1636 »Beaipee
1435 1572 1467 1612 oe

221 1632 413 1698 liberaliter«
434 1672 487 1698 -.
524 1633 627 1696 »Mati
644 1635 843 1710 framentum
866 1656 933 1712 νιονν
956 1657 1036 1718 opas
1060 1647 1125 1698 eet:
1146 1658 1293 1698 nummos
1314 1635 1398 1698 colo«
1418 1647 1467 1698 etc.

117 1777 119 1781 .
220 1722 256 1784 cf.
278 1723 366 1786 Rosc.
398 1723 437 1786 A.
464 1728 517 1796 523
549 1728 606 1796 94;
629 1722 709 1786 Mur.
742 1728 781 1786 67
817 1744 859 1803 sq.
893 1728 943 1786 73.
988 1723 1044 1787 Ph.
1068 1725 1144 1798 ΧΠ,
1173 1729 1194 1785 4
1219 1733 1274 1786 etc.
1316 1724 1467 1785 Postremo

220 1808 391 1870 addendum
423 1829 487 1871 esse
508 1817 590 1889 puto,
628 1829 676 1870 me
709 1809 846 1870 omnibus
882 1830 920 1870 ex
941 1811 1028 1872 Dem.
1064 1819 1094 1872 et
1123 1810 1155 1873 Ο.
1185 1810 1329 1891 exemplis
1361 1811 1467 1872 notatis

219 1895 397 1976 repperisse,
421 1896 512 1957 etiam
541 1896 573 1956 in
595 1895 651 1957 hoo
680 1917 709 1976 g.
732 1895 813 1957 hunc
834 1895 888 1957 illo
909 1896 1010 1958 multo·
1026 1897 1252 1977 frequentiorem
1283 1918 1359 1972 esse,
1394 1897 1467 1977 quod

173 2019 174 2024 κ
221 1981 323 2062 aliqua
345 2003 383 2043 ex
405 1991 490 2062 parte
511 1983 556 2043 ita
576 1982 720 2043 illustrari
742 2003 829 2063 posse
849 1991 938 2063 pute,
970 1984 995 2044 si
1024 2005 1063 2044 ex
1084 1993 1209 2063 utroque
1236 2004 1286 2045 eos
1315 1983 1399 2046 locos
1429 1984 1468 2043 in·

220 2067 342 2142 dicab0,
372 2069 405 2128 in
434 2068 542 2148 quibus
564 2068 766 2148 interrogandi
792 2070 869 2131 ratio
899 2069 1017 2149 longius
1043 2071 1167 2144 texitur3
1199 2091 1317 2150 appono
1352 2091 1392 2132 ex
1414 2070 1467 2132 Cic.

219 2154 336 2216 Ciuent.
361 2161 405 2230 ἐξ.
421 2160 578 2228 170-74,
601 2155 640 2217 V.
665 2161 692 2229 3,
717 2159 855 2230 25-31,
877 2156 956 2219 Rab.
980 2177 1010 2236 p.
1034 2161 1162 2218 21-24
1183 2166 1213 2218 et
1232 2162 1373 2232 26-29,
1395 2157 1467 2219 Mur.

221 2262 267 2321 cp.
292 2246 332 2304 33
356 2241 485 2321 itemque
507 2263 552 2322 cp.
575 2246 626 2317 41,
649 2241 726 2302 dom.
751 2247 795 2317 ἐξ.
820 2247 962 2316 50-60,
987 2248 1123 2319 87-90,
1146 2243 1248 2305 Flaee.
1274 2249 1379 2317 6-9,
1407 2244 1468 2305 Vat.

213 2332 364 2402 ·17-21,
388 2333 526 2402 30—33,
550 2332 691 2403 39-41,
714 2327 795 2390 Cael.
824 2333 967 2404 56-59,
989 2329 1077 2391 Balb.
1103 2329 1327 2404 11—14,Pis.
1351 2351 1400 2411 cp.
1425 2334 1467 2401 13,

222 2419 268 2490 ἐξ.
294 2419 431 2489 86-90,
453 2413 509 2476 Ph.
531 2415 572 2489 H,
598 2419 777 2489 110-113,
798 2415 838 2489 V,
863 2420 956 2489 7-9,
978 2416 1056 2490 VII,
1081 2421 1203 2490 9-14,
1229 2421 1377 2490 21-25,
1399 2416 1466 2488 xm

222 2505 358 2575 11-13,
383 2506 476 2574 6-8,
501 2507 539 2564 15
557 2522 614 2581 sq.;
638 2522 675 2562 ex
686 2501 725 2563 D.
737 2502 861 2575 XVIII,
878 2507 1037 2576 240-44,
1052 2503 1144 2576 ΧΙΧ,
1169 2508 1307 2581 280-3,
1333 2507 1462 2573 294-6,

219 2587 346 2661 ΧΧΙΠ,
372 2593 552 2662 119-122,
572 2587 703 2660 XXIV,
728 2593 873 2662 81-83,
894 2588 927 2648 in
948 2588 1068 2650 Phorm.
1092 2594 1236 2663 25-29,
1267 2589 1300 2648 in
1322 2585 1464 2651 Boeoti.

221 2679 343 2748 7-12,
374 2678 511 2738 14-16,
556 2673 738 2735 Parcissirne
768 2674 824 2735 hoo
854 2683 1027 2736 ornamento
1056 2696 1127 2736 usus
1154 2684 1200 2736 est
1228 2675 1289 2738 Cic.
1322 2675 1356 2736 in
1389 2675 1468 2736 tertia

214 2759 398 2821 Catilinaria
427 2769 456 2821 et
478 2782 520 2824 or.
543 2781 572 2840 p.
595 2761 655 2821 red.
677 2761 717 2822 ad
737 2781 815 2840 pop,
844 2761 884 2822 D.
906 2761 938 2820 in
969 2781 1009 2822 or.
1033 2761 1069 2823 de
1092 2783 1173 2841 pace.
1225 2761 1284 2824 sed
1315 2761 1354 2822 de
1389 2763 1469 2823 intor-

220 2846 373 2924 rogatione
395 2847 466 2908 satis
489 2848 587 2908 multa
609 2847 683 2906 mihi
704 2846 807 2909 videor
829 2846 947 2908 dixisse.
990 2847 1140 2929 Deinceps
1163 2849 1303 2940 sequitur,
1326 2857 1363 2909 ut

638 3107 689 3198 De
706 3108 1036 3200 communicatione

214 3297 317 3381 'pauca
338 3301 502 3380 proferam,
524 3322 585 3381 qua
607 3302 646 3376 is,
670 3303 721 3382 qui
743 3302 828 3374 dicit,
850 3322 882 3362 se
904 3322 972 3362 eum
994 3300 1044 3373 eis,
1067 3299 1119 3380 qui
1141 3299 1275 3373 audiunt,
1306 3320 1369 3360 non
1391 3320 1471 3360 num·

215 3403 310 3491 'quam
341 3387 432 3448 etiam
462 3410 530 3449 cum
558 3387 728 3451 adversario
755 3387 918 3464 deliberare
946 3387 1031 3467 fingit
1041 3385 1086 3465 ⁷¹).
1137 3387 1176 3447 A.
1204 3385 1304 3447 Rufin.
1335 3386 1391 3466 (H.
1423 3387 1471 3464 41)

220 3473 448 3554 ανακοίνωοις,
473 3475 512 3536 ab
523 3475 595 3536 Isid.
613 3474 665 3556 (ib.
680 3475 755 3553 520)
768 3474 908 3548 coenosis,
930 3474 962 3534 in
984 3473 1047 3534 eod
1055 3472 1158 3534 Eokst.
1174 3472 1224 3551 (ib.
1250 3473 1301 3552 74)
1317 3470 1472 3534 κοινωνία

221 3561 398 3642 appellatur.
450 3561 540 3623 Haec
566 3560 643 3622 inter
677 3581 728 3623 eae
757 3569 930 3621 numeratur
961 3559 1046 3639 figg.,
1082 3579 1159 3639 quae
1192 3559 1319 3621 orationi
1348 3558 1474 3638 speciem

220 3648 373 3728 quandam
396 3647 512 3709 subitae
535 3647 671 3708 dictionis
694 3647 838 3709 tribuunt.
881 3647 964 3708 Leve
986 3645 1075 3708 huius
1103 3646 1145 3707 rei
1168 3645 1327 3725 vestigium
1351 3645 1416 3705 iam
1445 3644 1473 3703 in

220 3735 331 3796 talibus
347 3734 590 3815 deprehenditur:
612 3734 668 3795 Ph.
691 3735 733 3808 H,
758 3739 797 3796 27
810 3733 930 3796 Cascae
954 3729 1061 3794 dicam
1079 3753 1121 3795 οιι
1133 3729 1261 3794 Ahalae
1270 3752 1282 3810 ,·
1304 3731 1341 3794 cf.
1355 3731 1417 3792 Pis.
1442 3735 1473 3802 3,

219 3823 258 3884 v.
284 3828 311 3896 1,
336 3827 411 3895 122;
435 3822 522 3884 nem.
546 3821 672 3895 ΧΧΙΠ,
699 3825 759 3883 146
784 3809 853 3885 οἷον
875 3817 910 3883 ιι
934 3816 1029 3903 λέγω,
1052 3818 1092 3880 ib.
1118 3825 1157 3883 18
1180 3818 1316 3881 ooeurm:
1343 3814 1473 3880 etnam

221 3903 251 3971 δ’
280 3901 369 3971 ἐστὶν
397 3944 438 3952 -
463 3905 591 3994 αἵρεσιν
623 3898 699 3987 ὑμῖν
722 3906 857 3982 δοῦναι,
886 3903 920 3969 τί
950 3905 1084 3987 πρῶτον
1112 3897 1133 3989 ἢ
1161 3903 1196 3968 τί
1228 3900 1377 3988 δεύτερον
1401 3896 1424 4004 ἢ
1444 3897 1474 3966 ai

218 3991 405 4058 τελευταῖον
427 3991 642 4073 βουλομένοις
665 3985 794 4060 ἀκούειν
816 3989 891 4072 ὑμῖν
914 3989 1014 4058 ἐστίν.
1040 4029 1079 4037 -
1105 3997 1184 4074 περὶ
1206 3993 1263 4057 τοῦ
1279 4011 1474 4076 παρανομον

219 4069 386 4160 βούλεσθε
409 4081 561 4168 uenirem
590 4080 724 4155 XVIII,
749 4085 812 4143 180
835 4075 909 4142 τίνοι
932 4069 1047 4158 βούλει
1071 4099 1116 4150 οε,
1141 4074 1295 4162 Αἰσχίνη,
1319 4073 1375 4142 καὶ
1400 4073 1473 4140 τίνα

219 4157 361 4248 ἐμαυτόν
391 4161 516 4249 ἐκείνην
544 4159 601 4252 τήν
629 4159 753 4252 ἡμέραν
778 4157 868 4230 ἐἶναι
898 4165 970 4242 9ιῦ;
1004 4155 1075 4231 urei.
1099 4165 1166 4236 IX,
1197 4170 1238 4242 46
1261 4161 1350 4235 τίνος
1368 4159 1474 4238 εἴπω,

325 4409 354 4475 ⁷¹)
374 4408 487 4471 Quintil.
507 4412 532 4474 9,
553 4413 576 4468 2,
596 4413 642 4471 2ος
662 4408 695 4458 cf.
715 4407 771 4457 Cio.
791 4408 822 4458 de
840 4425 877 4458 or.
897 4411 921 4466 3,
941 4410 1054 4468 20401.
1076 4410 1133 4472 138,
1152 4406 1256 4456 Mense.
1277 4407 1310 4455 D.
1326 4410 1340 4454 7
1354 4413 1378 4455 et
1392 4409 1473 4466 llsq.
