3138 5004
701 383 741 442 83

619 467 827 476 ——--—

97 603 198 645 rursus
220 583 377 664 distinguit
398 592 539 684 quattnor
559 585 687 648 formas:
718 581 914 664 εἶκονίζεται
944 576 1024 649 δὲ”
991 607 1077 690 ητοι
1097 575 1161 648 ito
1184 577 1270 683 πρὸς
1291 577 1350 650 ὅλα

98 660 169 734 οἷον
203 667 379 770 περίφρων
405 660 614 769 Πηνελόπεια
644 668 822 776 Aprs'prdi
849 662 1000 780 ius'iqff
988 695 1007 756 η
1038 669 1123 754 μέρη
1136 662 1236 771 πρὸς
1263 671 1349 769 μέρη

98 759 197 834 (utB,
209 759 292 836 478),
316 757 426 840 σχῆαα
441 755 499 822 ds,
491 750 606 862 πρὸς
588 778 617 821 o.
631 745 704 820 οἷον
716 749 808 863 ἠΰτε
807 752 911 823 ἔθνεα
922 750 988 863 αἶαν
1000 745 1190 836 μεΙισσᾶων
1203 746 1348 822 ἅδιναων

94 845 145 924 (Β,
170 845 234 922 87),
242 843 383 948 ppeipe
398 841 434 907 δὲ
456 867 493 911 π.
517 868 546 922 χ
571 833 641 910 οἷον
664 837 801 916 ώςδΗ
789 836 843 910 ότε
865 841 967 916 τίςτ’
989 840 1158 948 ἐλέφαντα
1179 866 1255 929 γυνη
1268 866 1348 943 φοι

95 951 161 992 νικι
190 921 290 1034 μιήνῃ
321 953 393 995 κτα.
424 932 484 1010 (Δ,
509 932 603 1030 141),
630 928 774 1028 μέγεθος
803 927 838 994 δὲ
869 919 1059 1030 rapacior
1082 918 1265 1001 Κυκλωπος
1287 953 1349 1019 γαρ

95 1009 200 1080 insito
223 1012 307 1097 μέγα
330 1005 479 1092 ῥόπαλον
502 1008 595 1099 nupsi
619 1017 716 1100 σηκιῆ,
739 1009 785 1086 ὠς
807 1008 901 1092 ἱστὸς
915 1009 1247 1117 rngieraoodpopotr,
1262 1019 1349 1100 319).

93 1101 264 1164 Herodiani
285 1111 315 1164 et
336 1102 457 1183 Polybii
478 1103 567 1164 huius
589 1104 647 1165 loci
669 1104 873 1165 distinctiones
895 1103 1099 1183 negligamus,
1121 1103 1173 1183 qni
1195 1104 1348 1183 complura

93 1188 155 1249 huo
175 1197 324 1263 revocant,
347 1210 424 1269 quae
444 1189 553 1250 rectius
576 1190 643 1250 aliis
664 1190 800 1270 partibus
815 1199 1014 1251 accensentur.
1047 1190 1122 1250 De'
1113 1190 1244 1269 imagine
1258 1191 1348 1251 etiam

89 1274 220 1340 *Aristot
244 1275 307 1354 agit
329 1275 394 1356 (Sp.
409 1276 440 1350 Ι,
467 1278 539 1357 128)
563 1297 688 1356 eamque
710 1297 729 1337 a
750 1277 946 1340 translatione
968 1277 1033 1337 sola
1048 1277 1271 1356 comparativae
1281 1297 1348 1356 par-

91 1360 203 1423 ticulae
226 1361 390 1423 adiectione
404 1362 519 1424 differre
534 1363 629 1426 docet.
662 1363 751 1424 Haeo
765 1363 826 1424 fere
842 1362 1029 1443 praecipiunt
1043 1371 1156 1425 veteres
1170 1363 1207 1424 de
1217 1363 1348 1442 imagine

89 1455 121 1509 et
144 1447 339 1508 similitudine
346 1470 353 1521 ;
385 1449 470 1510 nobis
497 1457 597 1510 autem
625 1470 743 1511 summa
772 1450 903 1511 exoritur
933 1448 1110 1523 difficultas,
1142 1449 1167 1509 si
1189 1457 1347 1529 utramque

91 1534 173 1595 hanc
201 1535 424 1596 exornationem
453 1535 580 1597 definitis
609 1535 742 1596 terminis
772 1536 1010 1597 circumscribere
1041 1535 1177 1598 velimus.
1223 1535 1274 1594 Ex
1296 1535 1346 1609 eis,

90 1641 172 1700 quae
201 1621 289 1682 modo
318 1620 457 1696 adhibui,
486 1621 517 1683 id
538 1622 660 1702 quidem
682 1643 825 1703 apparere
847 1623 979 1696 videtur,
1009 1621 1174 1702 parabolen
1204 1621 1348 1682 contineri

90 1707 366 1786 comparationibus
388 1708 679 1770 administrationum
696 1718 726 1770 et
748 1709 907 1782 actionum,
929 1729 1006 1789 quae
1027 1707 1060 1768 in
1082 1707 1220 1768 dissimili
1241 1728 1348 1786 genere

91 1802 258 1867 versantur,
280 1794 441 1874 imaginem
464 1804 564 1857 autem
587 1816 625 1856 ex
647 1815 802 1876 corporum
824 1795 862 1856 de
884 1795 974 1856 simili
996 1817 1024 1875 g.
1047 1803 1232 1874 sumptorum
1254 1793 1347 1854 colla·

91 1880 175 1940 tione
197 1889 346 1954 constare3
368 1881 420 1942 sed
440 1881 513 1961 quid
534 1882 585 1942 fiet
606 1882 643 1942 de
665 1882 714 1957 eis,
737 1903 815 1962 quae
837 1903 891 1944 nec
912 1881 944 1941 in
960 1881 1089 1961 corporis
1110 1901 1164 1942 neo
1177 1881 1209 1940 in
1223 1881 1347 1942 actionis

90 1966 240 2027 rationem
267 1967 398 2028 cadunt?
441 1967 547 2048 Aliqui
576 1968 748 2048 scriptores,
779 1968 831 2048 qui
863 1968 900 2030 de
930 1968 1099 2030 dhcfimine
1128 1966 1286 2047 parabolas
1318 1977 1347 2029 et

90 2053 234 2131 imaginis
256 2061 387 2132 egerunt,
409 2053 495 2114 illam
518 2053 557 2115 ab
579 2055 637 2116 hac
650 2076 684 2116 eo
699 2055 815 2116 differre
830 2063 974 2129 statuunt,
997 2054 1077 2134 quod
1089 2053 1234 2133 parabole
1246 2052 1348 2113 simili·

89 2138 230 2200 tudinem
241 2138 378 2217 pluribus
389 2139 489 2200 verbis
500 2140 751 2220 pemequannfl),
774 2141 862 2202 multi
872 2162 923 2202 eas
935 2141 1056 2202 omnino
1067 2161 1128 2202 non
1139 2140 1347 2214 distinxerunt,

83 2232 128 2285 rut
150 2223 294 2303 Apsines,
315 2224 421 2298 Rufus,
443 2225 552 2305 Georg.
574 2226 774 2306 ChoerobJ‘ss),
806 2227 867 2290 alii.
912 2228 978 2307 Ego
1007 2227 1079 2307 qnia
1101 2247 1155 2288 nec
1180 2234 1293 2289 veteres
1315 2227 1347 2286 in

89 2310 152 2370 hoe
173 2330 201 2388 g.
225 2329 280 2370 nec
298 2311 472 2372 recentiores
499 2311 662 2391 quidquam
691 2313 809 2373 firmum
831 2322 885 2374 aut
907 2312 1014 2374 stabile
1036 2313 1195 2393 praebent,
1225 2321 1255 2374 et
1276 2313 1347 2393 quia

88 2415 156 2456 non
178 2395 307 2456 multum
330 2397 469 2458 interesse
491 2397 631 2472 arbitror,
655 2399 694 2460 ad
716 2419 834 2460 omnem
857 2399 1058 2461 confusionem
1081 2399 1245 2460 tollendam
1267 2399 1346 2460 hanc

83 2481 312 2544 distinctionem
334 2483 628 2562 praetermittendam
650 2505 713 2546 esse
735 2505 849 2547 conseo

195 2568 278 2630 Usus
300 2569 372 2629 item
394 2578 424 2630 et
445 2570 560 2632 utilitas
582 2571 811 2634 similitudinum
834 2571 873 2632 ab
897 2569 963 2632 aliis
986 2571 1074 2632 aliter
1094 2570 1285 2644 describitur3
1309 2591 1345 2632 ac

84 2653 198 2733 Polyb.
221 2675 272 2716 eas
302 2656 414 2716 assumi
444 2657 517 2718 dicit
546 2646 761 2743 arigq'oemc'*
741 2683 760 2742 η
790 2649 1013 2742 ἐμφασναὴνς
1006 2647 1245 2743 σαφηνείας
1238 2655 1345 2733 ἕνεκα,

83 2740 221 2818 Quintil.
240 2742 393 2820 praeclare
413 2752 545 2824 repertas
568 2764 631 2806 esse
653 2745 693 2806 ad
714 2745 899 2806 inferendam
913 2744 1002 2805 rebus
1020 2744 1133 2817 lueem;
1156 2743 1342 2808 Comitia

82 2828 166 2890 haee
187 2827 322 2901 exhibet,
343 2829 479 2892 inventio
502 2831 647 2892 sinritinnr
660 2833 769 2913 sociiis
792 2833 860 2911 erit,
884 2831 987 2914 siqui
1008 2829 1066 2892 sibi
1088 2832 1186 2893 cornis
1208 2849 1259 2892 res
1274 2831 1344 2892 oni·

83 2914 204 2976 mantis
227 2915 289 2976 et
276 2917 441 2993 inanimus,
463 2923 565 2978 mutos
588 2923 616 2979 et
632 2917 815 3001 eloquentes
839 2920 924 2992 feros
936 2923 964 2980 et
975 2923 1161 2995 mansuetos,
1185 2923 1345 2980 terrestres

83 3007 116 3064 et
140 3001 327 3081 maritimos,
350 3002 533 3081 artificiosas
562 3009 591 3066 et
612 3010 728 3067 notare
751 3010 958 3086 comparatos,
982 3005 1112 3068 natator
1135 3005 1260 3087 atque
1247 3005 1344 3066 inost-

85 3093 174 3150 tatos
189 3087 374 3170 frequenter
390 3108 510 3171 ponere
533 3095 605 3152 ante
629 3091 733 3153 oculos
749 3092 866 3173 poterit
893 3097 922 3153 et
945 3111 984 3152 en
1007 3091 1054 3152 leis
1076 3091 1213 3174 aliquem
1235 3093 1345 3152 ceneri

80 3173 330 3255 similitudinem,
353 3194 432 3256 qnae
455 3182 510 3238 out
532 3195 646 3238 ornare
668 3184 723 3240 ont
744 3178 854 3240 dooere
879 3183 933 3240 ont
954 3179 1140 3260 apertiorem
1154 3197 1220 3240 rem
1232 3178 1344 3258 faeere

82 3267 143 3324 ont
163 3279 283 3342 ponere
305 3267 377 3322 onte
400 3258 507 3324 oeulos
526 3265 639 3344 possit:
669 3283 733 3327 non
763 3267 844 3326 enim
873 3283 924 3326 res
955 3270 1020 3327 tote
1043 3270 1124 3327 totoe
1152 3265 1200 3326 rei
1221 3282 1343 3326 necesse

82 3354 131 3410 esi
156 3347 265 3409 similis
288 3348 341 3421 sit,
372 3347 427 3410 sed
456 3349 522 3410 id
511 3367 629 3429 ipsam.
663 3351 747 3433 qnod
769 3352 943 3424 confertur,
975 3351 1204 3414 similitudinem
1234 3349 1344 3411 hubent

83 3439 221 3517 oportet.
267 3434 427 3496 Praeterea
449 3456 467 3497 a
490 3434 641 3519 Qintilrt)
671 3436 746 3498 haec
768 3437 1003 3518 praecipiuntur:
1034 3439 1067 3498 in
1090 3438 1174 3499 omni
1194 3435 1343 3518 parabole

81 3527 140 3583 ont
160 3521 325 3602 praecedit
347 3521 524 3599 similitude,
547 3542 597 3584 ros
619 3525 774 3605 seqnitur,
797 3529 851 3586 cat
869 3524 1031 3606 praecedit
1052 3542 1103 3585 res
1126 3528 1155 3585 et
1176 3521 1343 3584 similitude

80 3608 235 3690 sequitur.
259 3607 314 3669 sed
334 3608 458 3670 interim
481 3605 578 3670 libero
602 3616 632 3672 et
653 3616 800 3693 separato
822 3615 877 3692 est,
899 3611 1032 3687 interim,
1056 3609 1138 3691 quod
1158 3609 1245 3688 ionpe
1270 3609 1344 3690 opti-

81 3713 174 3755 nnna
205 3698 263 3767 est,
295 3713 364 3755 curn
386 3715 439 3766 re,
468 3696 556 3758 coins
579 3702 764 3776 estimeqo,
795 3697 981 3776 conectitur,
1011 3696 1184 3758 conlatione
1214 3696 1344 3756 invicem

80 3779 305 3864 respondente,
329 3781 412 3859 qnod
425 3781 508 3859 fucit
533 3782 667 3845 redditio
692 3784 867 3856 contrario,
896 3802 976 3866 qaoe
999 3781 1198 3864 antapodosis
1220 3781 1343 3848 dieitur.

79 3868 184 3929 Recte
206 3876 308 3927 monet
328 3866 542 3949 Kleutgen³⁰):
567 3868 666 3932 Multo
689 3876 759 3933 sunt
781 3870 867 3950 apud
883 3871 1005 3951 primos
1018 3867 1343 3951 ouctoresproecioro,

196 4055 228 4120 ΙΙ)
246 4057 419 4139 Muinuciuanus
441 4063 531 4108 autem
555 4060 599 4146 Sp.
618 4061 638 4124 Ι,
657 4063 708 4112 419
726 4061 820 4112 habet:
849 4058 865 4134 ἡ
891 4057 917 4110 δε
944 4057 1015 4111 εἰκών
1039 4057 1089 4110 ἐστι
1113 4057 1155 4140 pir
1180 4054 1197 4144 ⁷)
1224 4055 1292 4142 αὐτὴ
1308 4069 1344 4110 τ
1328 4095 1337 4131 p

79 4122 241 4212 παραβολ,
234 4123 385 4246 ,irapqiat
387 4143 442 4197 spor
468 4124 495 4177 δὲ
520 4135 587 4180 ποιεῖ
604 4126 646 4180 τὸν
664 4126 754 4212 λόγον,
779 4127 844 4181 ὥστε
863 4147 896 4202 pq
912 4125 987 4199 μόνον
1006 4125 1119 4213 ἀκούειν,
1139 4125 1204 4181 ἀλλα
1222 4125 1263 4180 καὶ
1282 4123 1344 4199 ὁρᾶν

80 4195 181 4248 δοκεῖν.
245 4196 307 4246 arod
372 4211 404 4260 c,
424 4197 502 4246 cuius
520 4191 599 4268 ὁμοίω
580 4216 637 4254 ωςαι
656 4200 726 4249 nihil
745 4200 819 4250 aliud
837 4205 877 4250 est
896 4216 977 4264 quam
996 4194 1080 4263 εἰκών,
1099 4199 1168 4248 hanc
1186 4215 1203 4249 a
1219 4198 1344 4266 parabole

79 4284 113 4317 eo
140 4264 250 4315 differre
274 4265 339 4315 dicit
349 4235 449 4330 ,qhod
474 4266 530 4316 sino
554 4268 701 4319 redditione
726 4269 866 4332 efferatur;
893 4270 927 4321 cf.
945 4269 1061 4320 Demetr.
1079 4268 1123 4333 Sp
1143 4268 1197 4334 Ill,
1224 4269 1273 4317 282
1295 4283 1343 4332 sq,

77 4334 210 4396 Ernesti,
228 4333 306 4384 lexic
325 4334 505 4386 technol.G1
526 4338 558 4386 93
578 4353 631 4402 sq,
656 4337 763 4388 Volkm.
787 4339 862 4390 Rhet
884 4340 944 4390 380.
981 4337 1075 4403 ²⁸)Sp
1095 4340 1115 4400 Ι,
1136 4340 1194 4401 372,
1213 4339 1274 4401 468,
1293 4337 1342 4400 ΙΙΙ,
