3136 5004
212 599 233 660 l,
256 620 282 660 a,
305 597 347 672 IL
371 603 412 660 69
429 615 549 678 presso
571 591 725 655 Sullanis
747 589 905 671 oneribus,
927 593 1014 653 Rosa.
1036 593 1076 666 A,
1100 599 1140 655 10
1163 592 1239 676 plus
1262 596 1375 658 oreris
1400 621 1472 660 ⁸²18·
1550 631 1551 664 ι

214 682 288 761 mli,
311 705 409 767 quam
429 682 519 760 serre
541 701 589 743 me
606 699 702 764 posse
725 676 880 763 intelliqo.
925 677 994 739 Hoc
1025 699 1104 740 onus
1137 682 1172 742 si
1194 702 1251 742 uos
1282 681 1402 768 aliqua
1430 708 1473 748 aa

205 780 306 854 purte
325 767 517 843 alienabitis,
539 767 660 841 feram:
684 762 894 844 sindeseror,
918 762 1081 831 tamenid.
1105 765 1335 853 quodsusaepi,
1359 771 1473 854 quoad

210 867 336 940 potero,
355 852 534 938 perferam.
579 849 672 928 Quod
695 851 729 912 si
748 850 895 934 perferre
918 871 983 911 non
1004 862 1121 932 potero,
1143 853 1289 936 opprimi
1307 879 1357 917 me
1376 878 1472 922 onere
1550 853 1551 946 )

214 941 316 1024 officii
340 938 546 1023 malequam
569 937 625 1016 id,
656 934 743 1022 quod
767 935 852 999 milri
879 959 950 999 eum
978 935 1041 1007 fi'de
1071 939 1166 1000 semel
1196 940 1382 1024 impositum
1413 958 1470 1026 est,

213 1041 272 1090 aut
298 1039 437 1111 propter
472 1023 644 1109 perfidiam
676 1023 814 1086 abiicere
847 1035 906 1085 aut
937 1035 1072 1106 propter
1105 1024 1326 1106 infirmitatem
1364 1030 1475 1094 animi

212 1113 422 1198 deponere
444 1124 499 1177 eto.

317 1227 377 1287 His
407 1227 560 1287 simillima
589 1246 626 1285 ea
655 1232 739 1297 sunt,
772 1243 850 1302 quae
879 1223 916 1284 de
944 1224 1058 1284 trutina
1085 1225 1305 1287 transferuntur
1335 1229 1369 1288 in
1392 1231 1471 1293 alias

213 1313 357 1388 rationeS,
387 1323 420 1374 ut
441 1314 514 1374 Eur.
536 1311 659 1373 Heraol.
686 1315 749 1374 690
783 1304 921 1393 σμικρόν
955 1307 991 1372 ro
1026 1304 1081 1405 qbr
1109 1303 1247 1392 σηκοιμα
1277 1314 1472 1402 προστίθης

215 1398 341 1484 φίλοις,
364 1399 594 1479 Aeseh.Agam.
610 1403 677 1462 439
696 1395 912 1474 ταλαντοῦχος
935 1392 969 1458 έν
991 1419 1099 1479 μαχη,
1129 1398 1170 1494 ib,
1191 1403 1254 1462 164
1278 1393 1375 1464 πάντ’
1400 1400 1472 1468 ἐπτ-

178 1525 181 1530 ,
214 1477 468 1566 σταθμώμενος,
491 1488 572 1548 Pers,
585 1490 647 1548 346
660 1473 808 1548 τάλαντα
829 1480 951 1570 βρίσας
973 1475 1032 1546 οὐκ
1054 1481 1225 1569 ἶσορροπῳ
1241 1477 1334 1572 τύχη.
1365 1489 1472 1552 Etiam

212 1572 300 1634 Dem.
323 1573 435 1634 talibus
457 1573 562 1645 utitur,
585 1573 665 1646 utI,
690 1576 730 1634 10
752 1567 943 1648 συμμαχίαν
966 1562 1182 1658 α’ντίρροπον,
1212 1573 1255 1646 H,
1280 1579 1320 1634 22
1343 1567 1471 1662 μεγάλη

214 1655 302 1744 boni}
326 1651 345 1744 ν)
367 1652 448 1742 τύχη
471 1658 521 1736 (of.
543 1657 652 1732 XXII,
678 1659 741 1738 16),
767 1656 807 1718 V.
832 1661 871 1716 12
895 1648 972 1720 ὅταν
997 1653 1026 1719 δ’
1048 1655 1107 1720 ε’πὶ
1130 1650 1262 1743 θοίτερα
1283 1652 1399 1748 ὥσπερ
1423 1661 1472 1738 εἰς

213 1738 372 1833 τρυτάνην
395 1735 549 1831 ἀργύριον
571 1741 804 1829 προσενέγκῃς,
829 1741 954 1821 οἴχεται
985 1740 1087 1843 qinon
1109 1743 1165 1807 καὶ
1189 1743 1391 1811 καθείλκυκε
1413 1743 1472 1813 τὸν

216 1828 375 1915 λογισμὸν
399 1825 453 1920 ἐφ’
479 1820 564 1906 αὑτό,
587 1831 628 1897 ib.
652 1826 744 1895 οὐδὲν
768 1823 871 1913 λῆμμ’
902 1820 941 1893 liv
968 1829 1076 1906 ουδεὶς
1106 1825 1178 1910 ἔχοι
1210 1826 1295 1918 πρὸς
1324 1823 1377 1907 οἷς
1408 1831 1471 1921 ἐγώ

214 1917 457 2000 πεπολίτευμαι
480 1919 585 2000 δεῖξαι
615 1912 892 2004 προσηρτημένον·
921 1915 957 1977 of.
987 1917 1119 1990 XVIII,
1151 1923 1229 1991 298;
1258 1920 1350 1980 etiam
1382 1921 1470 1984 illum

214 2003 314 2065 Iooum
337 2005 429 2081 XIX,
443 2012 482 2069 19
506 1997 591 2084 ὑμᾶς
613 1999 725 2083 λαβών
748 1997 851 2088 η’ίχετο
873 2011 903 2064 et
924 2003 964 2066 ib.
982 2009 1041 2066 127
1066 2013 1139 2066 extr.
1162 2005 1199 2066 de
1211 2007 1325 2067 trutina
1338 2017 1470 2070 tractum

211 2111 277 2152 esse
300 2092 434 2154 arbitror.
478 2092 539 2154 (tic.
561 2092 598 2152 de
619 2091 668 2153 fin.
693 2098 721 2165 5,
745 2097 784 2155 91
808 2089 881 2150 dicit
902 2085 1032 2172 aliquid
1054 2089 1153 2172 quasi
1173 2091 1207 2152 in
1235 2091 1337 2154 altera
1366 2092 1470 2158 librae

217 2173 308 2240 lanae
326 2199 457 2260 ponere,
481 2179 518 2239 de
541 2200 581 2240 or.
605 2182 632 2252 2,
658 2183 719 2242 159
743 2175 849 2239 oratio
871 2173 1092 2238 multitudinis
1117 2187 1162 2237 est
1185 2177 1323 2240 auribus
1346 2203 1470 2243 ascom-

215 2261 379 2328 modanda
402 2262 447 2325 ad
468 2285 505 2327 ea
523 2261 705 2346 probanda,
731 2283 815 2346 quae
838 2261 1063 2344 nonuurifiais
1086 2274 1209 2344 statera
1231 2261 1290 2325 sed
1308 2267 1473 2349 populari

216 2347 358 2433 quadam
371 2352 495 2414 trutina
516 2351 753 2430 examinantur,
776 2352 880 2412 Plano.
894 2357 933 2413 79
946 2350 1025 2410 meis
1040 2348 1242 2434 ponderibus
1257 2353 1470 2434 oraminum,-

212 2437 251 2500 ef.
274 2437 314 2500 V.
337 2444 365 2512 4,
390 2444 422 2512 1;
446 2439 533 2501 Rosa.
556 2438 595 2500 A.
619 2444 677 2512 62;
699 2447 852 2518 praeterea
875 2447 1065 2518 apponantur
1086 2437 1118 2496 hi
1139 2437 1212 2499 loci:
1243 2439 1321 2501 Mur.
1347 2447 1365 2504 3
1393 2463 1470 2523 per-

208 2521 366 2605 pendenti
384 2536 540 2588 momeuta
562 2523 742 2605 officiorum
765 2525 812 2605 (of.
834 2525 923 2585 Font.
949 2527 1011 2602 21),
1033 2525 1053 2590 l.
1066 2545 1094 2589 a.
1111 2525 1154 2598 H,
1179 2531 1219 2588 80
1244 2545 1287 2586 an
1310 2527 1471 2610 ignoratis

213 2612 294 2674 reati
313 2609 380 2674 alia
402 2611 528 2696 perleui
555 2632 650 2694 saepe
681 2621 835 2673 momento
855 2607 1033 2690 fortunae,
1064 2608 1279 2673 inclinatione
1315 2616 1470 2695 temporis

208 2633 370 2778 pendium·
405 2699 441 2760 of.
464 2700 543 2760 Mur.
567 2702 621 2771 53;
655 2698 694 2762 ib.
721 2704 760 2760 77
794 2698 871 2758 duae
900 2697 1040 2757 metiendi
1068 2698 1197 2759 rationes
1230 2699 1468 2780 coniunguntur:

213 2780 288 2846 leaeo
311 2781 356 2844 ad
378 2785 532 2847 rationem
555 2783 696 2847 ciuitatis
721 2784 755 2843 si
776 2781 921 2868 deriqas,
949 2794 1037 2844 reeta
1060 2795 1154 2846 sunt:
1184 2783 1239 2844 sin.
1265 2785 1470 2867 perpendere

213 2868 258 2930 ad
272 2867 470 2952 disciplinae
489 2882 665 2954 praecepta
677 2868 770 2949 uelis,
794 2869 1002 2952 reperiantur
1012 2869 1215 2951 pravissima
1224 2891 1235 2949 ,·
1258 2873 1351 2934 verba
1366 2883 1470 2936 autem

212 2956 384 3035 ponderare,
406 2958 579 3038 expendere,
598 2978 803 3038 compensare,
832 2957 995 3018 deliberare
1018 2957 1136 3036 aliaque
1164 2957 1196 3017 id
1224 2980 1317 3037 genus
1346 2971 1470 3040 propter

212 3043 395 3123 frequentem
417 3066 505 3106 usum
527 3045 575 3106 hic
596 3044 858 3124 praetermittenda
880 3052 950 3104 sunt
971 3044 1101 3124 itemque
1123 3044 1313 3108 substantiva
1325 3049 1469 3125 ponderis

212 3138 244 3191 et
266 3130 416 3192 momenti.
1064 3171 1066 3176 ,

317 3243 394 3304 Cum
426 3245 472 3306 his
506 3245 735 3324 propinquitatis
769 3244 899 3324 quodam
927 3244 1047 3306 vinculo
1077 3244 1219 3306 contineri
1251 3254 1281 3306 et
1311 3247 1470 3310 cohaerere

211 3328 351 3392 videntur
373 3331 461 3392 haee:
484 3332 571 3392 Dein.
594 3332 652 3405 IX,
677 3336 716 3394 39
741 3323 804 3396 ὅσα
828 3325 863 3395 ἐκ
885 3330 942 3395 τοῦ
965 3331 1161 3410 δωροδοκεῖν
1184 3323 1332 3415 ἤρτηται,
1349 3334 1408 3407 IV,
1427 3341 1468 3397 12

212 3409 436 3502 ἀπηρτημένοι
459 3422 745 3503 παρασκευαῖς-
768 3410 912 3501 γναίμαις
945 3415 994 3499 (of.
1025 3417 1090 3492 IX,
1120 3422 1177 3492 49,
1208 3419 1341 3493 XXIII,
1374 3425 1468 3503 140);

209 3503 271 3564 Cia.
295 3503 413 3566 Caeain.
438 3510 478 3567 52
502 3525 542 3564 eu
564 3502 671 3566 verbis
694 3514 802 3587 aptum
820 3500 961 3586 pendere
982 3504 1036 3566 ius
1061 3504 1109 3585 (of.
1132 3503 1172 3566 V.
1196 3510 1225 3578 3,
1250 3507 1339 3582 189),
1373 3508 1414 3570 V.
1439 3516 1469 3582 5,

217 3595 274 3652 157
297 3587 494 3668 formidines
520 3587 751 3673 impendebant.
781 3627 815 3636 —
840 3591 931 3652 Aliae
952 3591 1065 3652 formae
1083 3591 1224 3652 metiendi
1245 3593 1390 3655 translate
1415 3595 1468 3656 ad-

211 3675 351 3738 hibentur
378 3699 404 3739 a.
427 3678 514 3740 Dem.
544 3678 573 3752 I,
594 3683 634 3742 10
659 3674 789 3752 δίκαιος
819 3669 1022 3762 λογιστὴς
1049 3677 1115 3743 ταῖν
1149 3670 1241 3760 παραὶ
1272 3679 1336 3742 ττῦν
1373 3682 1468 3746 θεῶν

212 3755 287 3866 ημῖν
309 3754 525 3848 ὑπηργμένων
547 3759 585 3828 τὸ
615 3760 728 3828 πολλοὶ
759 3757 1001 3829 ἀπολωλεκέναι
1029 3763 1086 3848 τῆς
1118 3757 1275 3852 ἡμετέρας
1305 3761 1468 3846 α’μελείας

213 3841 251 3912 uir
275 3848 370 3932 θείη
393 3851 440 3932 (of.
464 3853 500 3912 de
522 3873 580 3914 cor.
605 3857 675 3926 193,
700 3854 786 3931 299),
817 3873 836 3912 a
857 3851 917 3913 Cio.
945 3851 982 3912 de
1005 3860 1063 3930 opt.
1087 3872 1151 3931 gen.
1175 3873 1215 3913 or.
1240 3857 1295 3915 23:
1328 3873 1467 3936 quorum

214 3937 370 3996 orationes
400 3939 429 3998 si
452 3939 497 4000 ita
520 3958 721 4020 eupressero,
749 3935 844 3998 uerba
859 3957 1058 4020 persequens
1088 3948 1237 4017 eatenus,
1270 3949 1306 3999 ut
1336 3960 1373 4002 ea
1401 3962 1467 4002 nou

213 4017 404 4084 abborreant
431 4046 452 4084 a
481 4045 569 4085 more
596 4035 770 4086 nostro-
793 4021 1032 4108 eritrequla,
1063 4022 1108 4086 ad
1134 4046 1230 4107 quam
1253 4045 1365 4088 eorum·
1383 4023 1465 4088 diri-

209 4118 329 4194 9antur
354 4111 522 4193 orationes,
547 4113 603 4193 qui
625 4111 728 4173 Attice
750 4109 852 4172 volent
874 4107 1001 4190 (λέαινα)
1024 4111 1060 4177 of.
1084 4112 1171 4173 Dem.
1193 4112 1317 4186 XVIH,
1341 4119 1413 4176 296.

321 4231 380 4293 Ηίε
403 4231 478 4293 talia
500 4233 660 4313 adiungere
682 4233 786 4295 lioeat:
809 4233 850 4295 V.
874 4237 901 4306 5,
921 4237 981 4296 181
1006 4228 1081 4292 bueo
1105 4243 1152 4294 est
1174 4246 1300 4296 nostrae
1322 4239 1464 4300 rationis

213 4320 299 4401 rapio
322 4329 350 4379 et
372 4320 434 4400 oio,
457 4319 477 4381 l.
501 4340 527 4383 a.
543 4320 584 4393 H,
609 4326 648 4383 97
673 4322 728 4382 oin
747 4317 844 4398 facile
868 4338 933 4381 sese
955 4317 1133 4403 ropionibus
1157 4317 1256 4404 offleii
1278 4343 1331 4384 ma
1354 4326 1404 4384 nis
1428 4327 1464 4386 in

208 4401 353 4479 fortunis
375 4416 403 4467 et
425 4408 523 4488 copiis
546 4409 692 4487 eontinet,
714 4407 801 4468 Rosa.
825 4407 857 4468 O.
869 4411 910 4469 46
935 4408 991 4489 qul
1013 4403 1108 4470 semel
1129 4431 1149 4470 a
1170 4411 1300 4471 ueritate
1323 4345 1463 4492 dederat,
