3136 5004
794 397 843 457 VI

713 503 920 510 ———.

185 605 355 666 trahuntur
364 603 397 686 ⁸).
441 605 512 666 Hae
543 605 633 684 igitur
665 624 756 684 opera
787 624 855 664 mec
888 603 920 664 id
953 602 1072 682 quidem
1100 603 1164 678 fiet,
1197 613 1232 664 ut
1252 603 1444 665 illustrissimi

197 692 328 752 omnium
353 691 520 752 orationum
538 691 835 752 Demosthenicurum
851 690 1152 751 etCieeronianarum
1174 689 1232 751 loci
1253 726 1295 734 -
1317 711 1388 751 num
1409 693 1442 751 in

196 799 245 838 eos
268 779 346 858 tropi
368 787 398 839 et
419 777 532 857 figurae
554 777 658 839 cadere
680 777 777 837 solent
799 812 839 821 -
863 775 978 837 collecti
999 785 1029 837 et
1050 776 1082 835 in
1104 797 1164 837 uno
1186 786 1345 856 conspectu
1359 777 1445 838 velut

193 885 328 943 gemmae
357 864 446 944 positi
475 865 532 939 eis,
562 864 614 944 qui
641 864 688 924 his
717 863 776 923 srui
806 862 926 937 volunt,
954 863 993 924 sd
1021 862 1283 942 contemplandum
1310 873 1443 942 pateant

192 951 361 1025 Postremo,
392 972 459 1012 eum
489 951 585 1030 magis
614 950 784 1030 experiendi
811 949 966 1012 voluntate
995 970 1086 1028 quam
1117 970 1169 1029 spe
1198 949 1366 1029 perficiendi
1402 951 1443 1010 ud

194 1037 274 1098 hune
296 1037 429 1098 laborem
452 1037 631 1111 accesserim,
653 1035 810 1116 praefandi
831 1037 895 1096 iure
917 1036 1001 1099 abuti
1022 1035 1131 1110 velim,
1153 1044 1188 1096 ut
1210 1035 1248 1096 ab
1271 1036 1321 1110 eis,
1344 1037 1369 1097 si
1390 1037 1444 1116 qui

193 1123 268 1184 forte
296 1124 371 1185 huec
397 1123 511 1203 legent,
539 1123 753 1202 benignitatem
781 1131 812 1183 et
840 1121 1057 1201 indulgentiam
1087 1142 1213 1184 exorem.
1263 1122 1340 1183 Cum
1362 1124 1442 1183 enim

194 1209 272 1271 silva
294 1230 391 1272 rerum
413 1218 499 1272 tantu
521 1210 567 1284 sit,
589 1218 623 1269 ut
644 1209 731 1269 mrdti
752 1209 814 1270 eius
836 1208 894 1269 loci
916 1208 1026 1288 singuli
1046 1209 1166 1289 pmprio
1187 1209 1338 1272 volumine
1359 1209 1444 1289 digni

194 1297 267 1370 sint,
297 1297 370 1356 mihi
392 1297 493 1357 omniu
514 1295 773 1376 comprehendenti
794 1316 854 1355 non
880 1295 969 1356 facile
990 1295 1048 1356 fuit
1070 1294 1194 1375 singulis
1216 1295 1382 1376 quibusque
1403 1317 1442 1357 ex

195 1383 342 1443 sententia
373 1392 404 1444 et
425 1382 581 1446 voluntate
612 1382 789 1444 satisfaoere.
835 1381 1014 1461 -Discerpere
1047 1389 1147 1443 cutem
1181 1403 1244 1444 rem
1276 1382 1308 1442 in
1341 1382 1444 1462 plures

194 1469 365 1548 scriptiones
395 1469 478 1530 nolui
500 1469 538 1530 ob
560 1490 627 1530 eam
649 1488 786 1543 causam,
816 1476 850 1528 ut
872 1468 1008 1528 omnibus
1030 1469 1165 1548 partibus
1186 1470 1218 1530 in
1239 1490 1333 1530 unum
1355 1469 1443 1548 quusi

193 1576 299 1634 corpus
320 1556 464 1630 construis,
494 1577 571 1635 quae
600 1564 630 1616 et
657 1555 781 1615 rationis
802 1555 958 1616 universae
987 1563 1017 1615 et
1038 1554 1222 1636 singulomm
1244 1556 1329 1635 quasi
1351 1576 1444 1616 mem-

192 1642 313 1703 brorum
335 1643 380 1704 vis
403 1651 433 1703 et
454 1643 568 1703 utilitas
592 1651 622 1702 et
642 1642 781 1703 mactatio
803 1650 887 1715 esset,
909 1640 1026 1702 facilius
1047 1642 1173 1721 perspici
1195 1651 1303 1722 posset

299 1850 318 1914 ⁸)
338 1850 493 1900 Jenischius
517 1849 570 1899 iam
593 1849 702 1900 ineunte
727 1850 777 1899 hoc
801 1848 907 1899 saeculo
926 1849 995 1898 hunc
1012 1847 1169 1914 pravitatem
1188 1848 1274 1898 doluit
1291 1849 1334 1898 his
1352 1847 1444 1899 verbis

194 1921 230 1985 (p.
251 1921 324 1984 256):
351 1921 406 1984 „Zu
425 1918 557 1969 beduuern
576 1919 611 1969 ist
628 1935 668 1983 es,
694 1920 754 1969 dass
776 1919 822 1969 der
848 1917 1014 1982 notwendigo
1038 1917 1292 1968 wissenschultliche
1309 1918 1441 1982 Eucyclo·

193 1989 336 2054 pttdismus‚
355 1989 400 2038 der
418 1989 516 2038 einmcl
535 1989 650 2038 oberstos
668 1988 778 2054 Princip
796 1987 862 2037 ulles
877 1987 1137 2038 Schulunterriehtes
1155 1987 1262 2038 bloiben
1279 2003 1352 2037 muse
1370 1989 1444 2052 (???),

193 2058 239 2108 der
249 2059 356 2122 Jugend
374 2074 403 2108 so
420 2058 508 2124 wenig
518 2057 577 2108 Zeit
595 2075 642 2108 zur
651 2058 834 2122 Beurbeitung
846 2058 930 2107 dieses
948 2057 1092 2122 wichtigen
1101 2056 1219 2122 Zweiges
1229 2057 1445 2122 (Demosthenes)

192 2128 238 2178 der
265 2128 406 2177 schtnsteu
433 2127 546 2178 Geistes-
580 2127 634 2178 uud
661 2126 953 2191 Geschmccksbilduug
979 2127 1059 2191 tibrig
1089 2126 1178 2176 lessi!
1224 2126 1306 2190 Atqui
1335 2125 1443 2176 interim

192 2213 334 2263 puerorum
352 2197 495 2263 discipline
513 2193 564 2248 non
584 2197 612 2246 in
630 2197 774 2256 meliorem,
792 2197 838 2246 sed
856 2196 884 2246 iu
903 2195 1058 2247 deteriorem
1076 2202 1177 2261 purtem
1196 2194 1346 2248 inelinavit.
