3138 5004
828 391 870 449 80

746 472 953 483 —.-—-=

332 592 460 669 Quintil.
482 593 572 654 etiam
594 593 749 672 praeclara
771 593 825 654 dat
845 601 1012 673 praecepta,
1034 613 1093 673 quo
1112 592 1222 653 modo
1213 613 1245 652 m
1260 591 1394 653 oratione
1408 592 1478 672 figg.

226 676 402 741 trauandae
424 679 484 740 sint
498 679 550 761 11);
574 679 650 742 titud
673 681 765 742 etiam
787 679 932 760 adiciam,
955 680 1034 741 sicut
1056 685 1166 742 ornent
1188 680 1360 741 orationem
1382 697 1476 761 opor-

228 772 299 828 tune
321 767 456 848 positae,
487 767 532 828 ita
553 766 759 854 ineptissimas
782 785 854 839 esse,
880 784 949 827 cum
970 765 1132 828 immodice
1149 771 1307 866 petantur.
1333 771 1404 827 sunt
1426 767 1479 848 qui

226 847 364 953 neqlecto
393 871 499 915 rerum
517 853 657 934 pondere
680 857 709 914 ιι
730 852 848 914 uiribus
868 849 1104 928 sententiarum,
1135 853 1162 913 si
1182 851 1264 914 oet
1252 851 1361 914 inania
1383 851 1478 913 cerba

226 941 261 1001 in
283 940 337 1002 bos
359 938 466 1001 modos
489 937 714 1020 depravarunt,
742 957 876 1001 summos
898 957 930 1001 se
952 939 1087 1001 iudicent
1109 939 1242 1016 artifices
1261 938 1392 1020 ideoque
1416 957 1478 1000 non

227 1025 370 1088 desinant
394 1030 610 1102 coenantem,
641 1044 718 1108 quas
744 1026 809 1088 siue
836 1025 1007 1088 substantia
1028 1026 1141 1088 sectori
1163 1031 1225 1086 tam
1248 1031 1291 1088 est
1312 1025 1479 1086 ridiculum

227 1131 322 1195 quam
344 1130 493 1194 quaerere
516 1111 654 1174 tabitam
673 1116 851 1194 pastumque
873 1112 938 1174 sine
961 1131 1101 1194 corpore,
1126 1111 1180 1174 sed
1201 1131 1240 1173 ne
1267 1131 1322 1173 eac
1345 1111 1478 1193 quidem,

228 1217 308 1281 quae
330 1203 412 1260 recte
426 1198 520 1276 fiunt,
542 1198 720 1261 densandae
741 1204 812 1260 ssmt
833 1199 941 1260 nimis:
977 1217 1050 1260 nom
1081 1204 1109 1260 et
1131 1196 1231 1260 uultus
1253 1199 1382 1278 mutatio
1407 1216 1480 1258 ocu-

229 1285 388 1366 torumque
411 1286 564 1347 coniectus
591 1284 719 1346 multum
741 1287 775 1346 in
797 1290 868 1347 actu
889 1281 987 1362 ualet,
1018 1284 1072 1346 sed
1094 1285 1121 1346 si
1143 1284 1211 1367 quis
1234 1283 1345 1346 ducere
1367 1303 1402 1346 os
1427 1303 1481 1346 ea-

229 1371 347 1454 quisitr's
369 1371 467 1450 modis
490 1377 518 1434 et
526 1372 644 1451 frontis
658 1391 695 1433 oc
710 1371 859 1434 luminum
876 1371 1084 1434 inconstantia
1099 1371 1255 1452 trepidare
1269 1390 1333 1434 non
1348 1370 1480 1448 desinat,
1549 1361 1550 1440 i

228 1457 376 1532 rideatur,
400 1463 429 1520 et
449 1458 551 1520 ¹oratio
563 1457 653 1520 babet
672 1463 789 1521 rectam
803 1458 959 1540 quandam
973 1457 1054 1520 uelut
1065 1457 1194 1537 faciem,
1216 1462 1341 1540 quaeat
1356 1463 1481 1539 stupere

228 1543 366 1606 inmobili
394 1545 497 1624 ripore
526 1563 589 1606 non
616 1543 747 1620 debebit,
783 1547 828 1607 ita
857 1545 980 1627 saepius
1001 1545 1036 1605 in
1061 1563 1107 1618 ea,
1133 1563 1225 1625 quam
1248 1549 1364 1606 natura
1386 1543 1481 1619 dedit,

227 1631 328 1714 specie
351 1630 536 1693 continenda
555 1636 606 1692 est.
629 1631 786 1693 sciendum
806 1651 879 1694 nero
902 1633 935 1692 in
945 1631 1065 1713 primis,
1088 1630 1344 1714 quidquisquein
1360 1631 1481 1692 orando

226 1716 359 1800 postulet
380 1717 481 1792 locus,
512 1717 587 1799 quid
603 1736 758 1801 persona,
790 1716 866 1802 quid
887 1723 1022 1800 tempus:
1043 1718 1145 1779 maior
1168 1716 1250 1778 enim
1267 1735 1346 1800 pars
1369 1715 1482 1778 barum

220 1805 298 1885 fiqq.
317 1804 421 1886 posita
445 1809 488 1864 est
509 1805 543 1863 ia
558 1801 766 1866 delectatione.
788 1803 841 1865 ubi
851 1822 925 1866 nero
937 1803 1108 1881 atrocitate,
1131 1803 1259 1880 insidia,
1282 1804 1482 1865 miseratione

224 1890 429 1972 puqnandum
443 1896 504 1968 eu,
528 1890 597 1972 quis
609 1891 698 1971 ferat
720 1888 935 1972 contrapositis
959 1896 987 1952 et
1004 1891 1127 1972 pariter
1150 1889 1328 1952 cadentibus
1357 1895 1386 1951 et
1410 1908 1481 1953 con

229 1974 377 2038 similibus
398 1977 590 2051 irascentem,
604 1976 740 2055 flentem,
762 1981 946 2058 repentem?
968 1996 1037 2040 cam
1058 1978 1155 2038 nimia
1176 1977 1211 2037 in
1232 1976 1279 2038 bis
1300 1975 1393 2038 rebus
1405 1995 1483 2038 cara

228 2061 529 2142 uerborumcteroqet
554 2062 724 2143 adfectibus
737 2063 838 2142 idem,
862 2063 1147 2145 etubicumquears
1163 2068 1342 2139 ostentatur,
1365 2065 1483 2125 ueritas

231 2147 335 2211 abesse
357 2149 508 2212 uideatur.
553 2148 638 2210 Idem
666 2158 768 2210 tamen
798 2154 834 2224 9,
858 2154 893 2225 3,
925 2149 1084 2212 4scribit:
1114 2155 1184 2212 sunt
1213 2150 1414 2234 quaedornf.
1439 2151 1482 2210 ita

229 2240 389 2318 receptae,
418 2240 452 2298 ut
473 2254 576 2318 paene
604 2237 668 2298 iam
695 2237 751 2298 boc
777 2235 878 2318 ipsum
906 2255 1018 2300 nomen
1044 2236 1221 2317 ffuqere’nt:
1251 2254 1331 2318 quae
1362 2236 1483 2297 etiamsi

222 2322 345 2402 fuerint
353 2321 537 2400 crebriores,
550 2327 711 2385 consuetas
726 2341 819 2384 aures
829 2323 1061 2403 minusserient.
1084 2323 1166 2384 Bene
1180 2323 1270 2384 etiam
1280 2321 1481 2404 Kteutgenn)

228 2417 344 2470 monet:
368 2405 537 2471 Naturales
557 2409 618 2472 sint
639 2411 693 2487 ita,
715 2415 834 2472 utnon
856 2409 955 2472 sotum
971 2411 1005 2471 in
1026 2429 1092 2472 rem
1116 2415 1145 2472 et
1166 2409 1267 2472 locum
1290 2409 1483 2482 conseruent,

228 2496 283 2558 sed
297 2495 389 2558 etiam
401 2495 507 2558 obuiae
522 2495 624 2576 fuisse
639 2495 762 2574 dicenti,
784 2515 848 2558 non
862 2497 1050 2580 conquisitae
1065 2501 1119 2557 aut
1130 2492 1229 2558 multa
1245 2500 1312 2557 orte
1319 2496 1478 2576 formatae

230 2601 296 2644 esse
318 2581 490 2649 videantur.
513 2617 555 2628 -
578 2580 669 2644 Dem.
692 2582 808 2646 idcirco
825 2588 984 2645 oratorum
1001 2585 1199 2665 estprinceps
1213 2581 1378 2660 iudicatas,
1399 2580 1482 2664 quod

229 2669 287 2731 boc
313 2681 429 2749 qenere'
454 2665 596 2752 praestat
624 2668 772 2735 omnibus.
821 2667 871 2730 lta
900 2675 1003 2730 tamea
1033 2669 1118 2751 apud
1140 2688 1209 2730 eum
1222 2668 1298 2748 thq.
1323 2669 1483 2730 sustentiis

229 2755 379 2838 rebusque
410 2755 618 2835 consentiunt,
657 2760 691 2816 ut
709 2756 783 2836 sere
812 2773 851 2817 ne
881 2760 1054 2837 appareant
1080 2756 1203 2838 quidem
1231 2755 1291 2816 nisi
1317 2754 1483 2816 studiosius

230 2842 263 2902 in
285 2843 407 2904 uirenti.

265 2862 284 2924 q
334 2928 411 2989 Cum
433 2937 533 2990 autem
555 2927 728 2991 dividantur
748 2928 816 3008 figg.
838 2927 968 3008 primum
990 2927 1022 2988 in
1043 2927 1203 2989 rhetoricas
1219 2928 1483 3007 etgrammaticaa,

230 3013 294 3088 has,
316 3015 388 3094 quia
409 3014 586 3076 rhetoricam
614 3015 702 3076 modo
734 3015 879 3076 rationem
901 3023 1030 3076 tractare
1052 3014 1185 3075 animum
1207 3014 1331 3089 induxi,
1362 3034 1401 3074 ex
1429 3015 1486 3075 hos·

231 3099 334 3161 libello
357 3101 523 3175 excludam,
546 3101 604 3162 nisi
627 3110 824 3180 quatenust
795 3101 886 3162 etiam
907 3101 1040 3181 ipsarum
1064 3101 1182 3181 aliquae
1195 3100 1229 3160 in
1243 3101 1322 3162 hanc
1336 3101 1485 3162 rationem

231 3187 351 3248 cadunt
395 3187 572 3248 Rhetoricae
593 3188 712 3267 quidem
727 3187 825 3267 figgss
817 3209 878 3248 mm
899 3187 969 3250 inde
991 3187 1262 3267 aTheophrasto
1253 3208 1286 3246 ιιι
1300 3186 1360 3247 duo
1374 3207 1488 3266 genera

230 3273 445 3335 sententiarum
467 3283 497 3334 et
518 3273 676 3337 verborum
698 3274 836 3335 distribui
858 3274 960 3349 solent,
984 3295 1060 3380 quae
1082 3293 1192 3354 genera
1205 3294 1294 3353 quem
1306 3272 1346 3334 ad
1358 3274 1484 3334 modum

230 3360 308 3422 inter
329 3380 361 3421 se
382 3359 528 3436 differam,
550 3360 636 3420 docet
656 3359 747 3424 Alex.
753 3359 805 3441 15);
827 3353 865 3425 ab
887 3359 924 3425 δὲ
945 3386 962 3425 ι
965 3362 1003 3446 ῆς
1024 3356 1140 3441 λέξαις
1164 3361 1239 3440 (eive
1252 3360 1412 3422 verborum
1436 3359 1484 3424 vel

228 3446 415 3550 elocutionis)
445 3447 556 3531 σχῆμα
587 3445 647 3510 τοῦ
675 3446 734 3533 τῆς
763 3443 917 3519 διανοίας
943 3385 984 3528 (ιη
1004 3468 1028 3510 e.
1055 3446 1283 3529 sententiarum)
1316 3442 1484 3546 διαφέρει,

230 3525 284 3598 b'm
311 3525 350 3598 sd
382 3530 441 3633 μὲν
470 3532 529 3619 τῆς
561 3530 679 3613 λέξεως
706 3530 904 3618 κινηθείσης
926 3554 983 3616 err
1009 3529 1189 3635 λέξεως
1151 3556 1209 3638 cqc
1229 3525 1425 3633 ourepobaqg
1447 3525 1484 3597 ab

230 3619 361 3726 opina
364 3608 559 3720 απόλλυιαι,
588 3642 645 3685 noo
630 3616 704 3684 δὲ
729 3643 788 3708 τις
812 3588 978 3721 linquatur,
1011 3641 1071 3682 aar
1092 3644 1135 3683 ra
1158 3612 1303 3700 ὀνόματα
1325 3621 1398 3704 κινῇ
1421 3639 1482 3694 τις

230 3726 290 3772 και
311 3701 441 3808 ἑτέροις
456 3694 613 3788 ὀιόμασιν
635 3684 799 3807 ἐξενέγκῃ,
822 3699 861 3772 sd
883 3698 966 3772 abab
987 3706 1091 3790 πρᾶγμ
1078 3729 1127 3787 μα
1156 3703 1305 3788 ptosr14).
1349 3705 1459 3769 Voss.1
1462 3703 1486 3784 ⁵)

228 3813 283 3892 per
304 3793 531 3855 translationem
552 3793 678 3855 remita
699 3774 846 3869 describit,
868 3794 955 3855 utin
965 3787 1135 3856 verborum
1156 3793 1226 3873 figg.
1249 3791 1398 3872 figurandi
1419 3793 1482 3855 vim

231 3880 263 3939 in
285 3881 408 3942 materie
437 3888 556 3942 tantum
577 3888 608 3941 et
629 3881 715 3960 quasi
737 3901 858 3962 corpore
880 3880 1021 3942 orationis
1044 3880 1173 3954 versari,
1205 3880 1237 3939 in
1267 3879 1482 3940 sententiarum

231 3965 322 4026 etiam
345 3966 384 4026 ad
405 3963 532 4028 formam
562 3975 593 4028 et
614 3967 700 4047 quasi
729 3969 861 4029 animam
883 3968 946 4028 eius
967 3966 1113 4047 pertinere
1135 3966 1223 4029 dicat.
1268 3965 1424 4026 Postremo
1446 3965 1485 4025 de

230 4051 337 4112 horum
359 4073 500 4132 generum
522 4054 555 4114 in
577 4053 687 4114 formas
717 4055 876 4134 partitione
905 4053 937 4114 id
966 4053 1219 4132 praemonendum
1239 4050 1373 4126 videam,
1401 4051 1482 4132 quod

232 4138 360 4217 Quintil.
385 4144 412 4213 9,
438 4146 465 4214 1,
489 4144 528 4203 23
552 4160 616 4220 sqq.
639 4140 745 4202 habet:
769 4141 826 4221 illi,
850 4141 903 4224 qui
925 4139 1050 4202 totidem
1060 4140 1185 4220 fiquras
1202 4144 1315 4220 putant
1337 4144 1409 4220 quot
1429 4138 1482 4200 ad-

235 4347 598 4482 ¹⁶)1ib1i9le35¹⁰⁰⁸qq'
636 4349 667 4413 ¹²)
685 4365 709 4414 p.
730 4352 762 4400 89
782 4365 821 4414 sq.
860 4347 1020 4415 13)ιρ.ιιι,
1041 4351 1081 4401 10.
1120 4347 1149 4414 ¹⁴)
1169 4349 1202 4397 ιι.
1221 4346 1310 4397 nicer.
1321 4345 1364 4412 sp.
1375 4346 1424 4410 111,
1438 4348 1479 4396 cs.
