3138 5004
848 377 889 436 94

240 581 331 660 igitur
356 580 402 640 illi
429 599 490 640 non
511 578 621 640 vidisse
651 588 705 641 aut
725 589 803 641 certe
833 601 893 642 non
916 581 989 642 satis
1011 582 1184 656 attendisse,
1213 581 1262 643 hic
1289 603 1349 642 non
1377 583 1407 642 id
1431 584 1494 662 sgi'

241 677 295 730 ant
316 667 425 747 quaeri,
447 674 547 726 utrum
569 665 719 744 responsio
741 667 857 746 longior
878 688 917 732 an
940 667 1057 730 brevior
1075 668 1249 748 requiratur,
1272 669 1322 730 sed
1345 668 1375 728 id
1396 668 1472 730 inter·

239 755 339 834 rogari
361 753 461 826 solere,
484 751 564 832 quod
585 752 688 831 negari
717 774 778 814 non
799 753 908 832 possit,
936 754 1067 816 invidiae
1089 756 1186 835 gratia
1216 764 1269 816 aut
1290 754 1474 822 miserationis

240 849 294 904 aut
314 838 526 920 indignationis
556 846 610 899 aut
630 838 843 902 admirationis.
887 840 925 900 In
953 840 1010 902 hoc
1037 840 1103 921 ipso
1133 841 1182 902 hic
1212 841 1273 904 vim
1303 842 1476 921 figurationis

239 928 296 989 niti
318 926 474 1005 existimo,
503 924 583 1005 quod
605 933 704 986 orator
724 926 782 987 hac
803 927 918 988 ratione
939 934 1055 1001 utatur,
1085 948 1153 988 cum
1178 948 1225 989 res
1253 928 1292 989 sit
1313 927 1472 990 certissima.

238 1015 345 1094 Neque
367 1012 457 1094 igitur
478 1010 527 1072 hic
548 1011 718 1072 sciscitandi
740 1033 831 1074 causa
852 1013 1043 1092 interrogatio
1065 1013 1230 1088 adhibetur,
1253 1014 1305 1076 sed
1326 1022 1372 1075 est
1392 1035 1476 1094 ςοιιιο

239 1101 336 1162 acrius
358 1107 389 1174 et
409 1097 611 1160 vehementius
634 1097 818 1174 affirmandi,
841 1099 971 1174 cumis,
1000 1100 1051 1180 qui
1073 1099 1158 1174 dicit,
1180 1100 1313 1179 rogando
1335 1100 1419 1180 quasi
1439 1101 1475 1160 in·

239 1185 436 1266 telligentiam
466 1193 497 1246 et
518 1203 637 1245 sensum
659 1205 845 1246 communem
867 1147 1005 1267 imploiet
1032 1186 1117 1266 eique
1146 1207 1225 1261 rem,
1253 1207 1346 1266 quam
1358 1187 1476 1286 profert,

239 1272 455 1335 aestimandam
475 1271 693 1351 permissae
672 1270 790 1337 utOic.
813 1271 905 1334 Arch
929 1278 970 1336 30
1004 1293 1046 1332 aa
1075 1292 1149 1334 uero
1177 1272 1365 1354 comparui
1383 1272 1476 1335 animi

238 1356 406 1424 uideamur
419 1377 486 1418 esre
498 1376 613 1431 omues,
635 1357 694 1440 qui
712 1355 746 1418 ι’νι
760 1378 795 1418 re
813 1378 847 1441 p
861 1367 957 1440 atque
973 1356 1010 1418 ia
1025 1355 1077 1419 bia
1088 1355 1249 1442 perieulis
1259 1357 1476 1440 laboribusque

238 1466 414 1549 versamur,
437 1454 482 1524 ιιι,
504 1464 577 1506 cum
601 1463 702 1525 usque
724 1441 1110 1527 adeatremumspatium
1133 1442 1474 1528 mullumtrarrquillum

237 1531 389 1634 spiritum
411 1490 618 1604 deberemus,
651 1527 813 1593 uobiscum
833 1528 934 1592 simul
952 1530 1110 1594 morituro
1133 1530 1243 1594 omnia
1265 1529 1476 1595 arbitremur?

236 1620 275 1682 Id
297 1619 387 1700 igitur
409 1618 449 1679 sit
469 1617 563 1678 fixum
585 1625 615 1678 et
636 1625 796 1692 statutum,
817 1617 1092 1697 interrogationem,
1114 1627 1260 1698 quatenus
1288 1618 1345 1680 sibi
1367 1619 1428 1682 vim
1452 1628 1477 1678 et

236 1707 382 1768 rationem
394 1705 508 1784 figurae
522 1711 642 1777 asserat,
665 1703 697 1763 in
719 1703 760 1764 eis
773 1665 915 1778 adhiberi,
938 1724 1015 1783 quae
1037 1712 1090 1766 aut
1110 1726 1164 1784 per
1184 1725 1216 1766 se
1229 1726 1348 1767 onmem
1363 1705 1475 1766 omnino

236 1792 456 1854 dubitationem
478 1789 640 1851 excludant
673 1798 726 1850 aut
754 1798 831 1852 certe
861 1799 960 1851 orator
985 1791 1028 1851 ita
1050 1791 1213 1852 existimari
1242 1792 1324 1855 velit.
1371 1792 1477 1854 Verum

236 1881 277 1955 si,
298 1878 379 1959 quod
400 1878 472 1938 item
493 1896 582 1956 saepe
611 1876 659 1950 fit,
690 1876 729 1937 ed
751 1877 918 1957 quaesitum
940 1877 1052 1938 iustum
1073 1878 1207 1939 redditur
1228 1899 1419 1958 responsum,
1446 1898 1478 1938 ea

235 1987 296 2028 non
317 1966 379 2026 iam
401 1963 591 2042 interrogatio
612 1963 771 2037 rhetorica,
801 1983 879 2043 quae
899 1964 1017 2043 proprie
1038 1963 1161 2039 dicium,
1183 1985 1247 2027 esse
1268 1964 1403 2039 videtur,
1431 1964 1476 2024 sed

233 2052 303 2114 talis
326 2050 442 2112 dicendi
460 2048 573 2111 formae
594 2049 806 2130 visfigurandi,
830 2050 855 2110 si
877 2050 997 2129 quidem
1018 2049 1050 2108 in
1072 2050 1141 2130 figg.
1165 2051 1254 2132 cedit,
1275 2052 1308 2111 in
1329 2071 1365 2113 eo
1389 2051 1476 2132 posita

234 2147 286 2212 est,
309 2136 389 2218 quod
411 2136 497 2216 quasi
519 2135 596 2198 actio
619 2135 767 2215 quaedam
789 2135 907 2198 scenica
935 2144 965 2198 et
986 2135 1153 2198 diverbium
1175 2137 1276 2218 effingi
1304 2146 1335 2199 et
1356 2135 1477 2199 orationi

233 2234 394 2305 perpetuae
408 2222 502 2284 intexi
515 2221 640 2296 videtin,
662 2230 697 2282 ιιι
718 2222 770 2284 ιΗο
782 2222 847 2284 loco
857 2222 1051 2285 Ciceroniana
1061 2223 1149 2285 Rosc.
1162 2223 1202 2285 A.
1216 2228 1258 2287 54
1270 2220 1477 2285 Exheredare
1533 2279 1534 2294 ,

225 2307 343 2394 filium
365 2307 475 2373 uoluit.
523 2305 627 2384 Quam
651 2305 886 2371 obcaecatam?
919 2307 1044 2373 Nescio.
1081 2306 1367 2371 Exheredavitrre?
1402 2307 1474 2371 Nor.

235 2395 314 2474 Quis
333 2392 522 2479 probibuit?
553 2392 727 2479 Cogitabat.
762 2392 825 2457 Oui
845 2392 952 2459 diarii
980 2393 1116 2457 Nemini
1133 2396 1180 2476 (ei.
1199 2397 1320 2474 Quinct
1345 2401 1388 2460 79
1411 2399 1474 2474 ιιι).

233 2485 293 2548 Sed
314 2485 375 2545 iam
397 2503 500 2545 earum
510 2481 772 2560 interrogationum
794 2502 881 2544 mum
893 2482 1022 2544 breviter
1042 2481 1199 2544 illustrabo
1223 2519 1263 2530 -
1286 2503 1359 2544 nam
1385 2483 1471 2545 omnia
1532 2547 1533 2566 ,

232 2570 370 2650 exempla
380 2570 512 2630 indicare
532 2568 581 2631 vel
593 2568 757 2629 exscribere
778 2589 833 2630 nec
850 2569 956 2629 attinet
977 2589 1032 2629 nec
1053 2569 1116 2630 fieri
1137 2579 1234 2648 potest
1244 2579 1370 2649 propter
1384 2589 1471 2632 eorum

231 2656 453 2719 multitudinem
470 2675 606 2734 —quae
627 2675 680 2733 pro
700 2654 827 2735 simplici
839 2654 1034 2717 affirmatione
1048 2665 1207 2735 ponuntur.
1244 2656 1351 2736 Neque
1375 2667 1474 2727 tamen,

232 2765 270 2806 ne
290 2745 375 2824 ligna
396 2744 429 2803 in
451 2741 558 2804 silvam
580 2740 683 2802 videar
704 2750 837 2820 portare,
860 2741 931 2820 quia
951 2741 1013 2801 iam
1042 2741 1089 2804 vir
1110 2742 1296 2804 doctissimus
1319 2743 1477 2805 Seuffertus

231 2831 263 2891 in
286 2851 341 2892 sua
350 2829 460 2891 Schola
472 2828 586 2888 Latina
599 2827 687 2888 unius
701 2826 842 2907 cuiusque
856 2826 968 2888 formae
989 2847 1076 2888 usum
1098 2837 1128 2889 et
1138 2829 1297 2890 utilitatem
1313 2830 1477 2891 accuratius

231 2925 401 2998 persecutus
423 2922 481 2988 est,
503 2913 627 2976 eandem
651 2934 758 2993 sequar
777 2914 936 2988 rationem,
967 2913 1020 2975 sed
1041 2914 1192 2977 doctrinae
1222 2924 1356 2990 tantum,
1391 2936 1477 2998 quam

231 3002 321 3064 modo
343 3001 490 3075 constitui,
512 3001 609 3061 lucem
632 3000 735 3062 afferre
757 3001 889 3064 studebo.

335 3088 383 3150 Ac
393 3089 519 3150 Demos
518 3086 603 3148 henIs
624 3087 761 3187 propriae
783 3095 853 3149 sunt
875 3087 1023 3167 quaedam
1044 3087 1148 3150 breves
1170 3088 1478 3167 interrogatiunculae,

231 3194 308 3255 quae
339 3175 378 3236 ab
413 3195 479 3235 eam
501 3194 623 3236 causam
652 3173 762 3234 assumi
788 3173 938 3248 videntur,
969 3182 1004 3234 ut
1030 3173 1072 3234 rei
1099 3174 1187 3235 modo
1217 3175 1353 3255 prolatae
1384 3177 1478 3238 omnis

230 3261 377 3323 dubitatio
406 3260 609 3357 praecidatur,
639 3266 675 3320 ut
695 3259 827 3334 XVIII,
859 3264 899 3321 47
930 3256 998 3359 qil
1020 3256 1079 3323 οὐκ
1109 3254 1179 3324 ἔστι
1212 3260 1324 3325 ταῦτα·
1347 3256 1477 3341 πόθεν,

229 3347 331 3422 XXI,
360 3353 421 3410 217
446 3347 519 3418 πῶς
521 3335 623 3448 roim·
653 3344 784 3420 XVIII,
810 3351 871 3409 139
894 3337 1061 3446 aegyto
1075 3339 1132 3429 οὔ,
1159 3347 1252 3421 XIX,
1276 3353 1317 3410 50
1345 3346 1477 3421 ιιοίοις;

228 3396 353 3509 XVIII,
377 3440 438 3499 281
463 3423 540 3509 ἄλλ,
563 3423 657 3514 barim
679 3421 759 3516 ἐγώ
783 3432 914 3506 ΧΧΙΠ,
939 3437 1000 3496 162
1024 3424 1135 3505 ebroas
1155 3457 1204 3518 γε,
1229 3427 1266 3498 οὐ
1287 3457 1365 3520 γορ,·
1400 3437 1477 3515 (cum

228 3521 335 3601 ironia)
357 3530 411 3583 etc
444 3520 504 3580 His
525 3539 564 3581 ex
575 3519 637 3584 Cic.
653 3517 777 3580 forsitan
800 3519 900 3599 aliquo
922 3519 1010 3580 modo
1025 3519 1201 3598 respondeat
1222 3520 1325 3582 crebra
1346 3520 1479 3582 formula

228 3607 323 3670 »itane
344 3610 450 3670 verul«
437 3615 501 3668 «et
522 3606 643 3683 Qumct
667 3610 707 3668 69
732 3602 874 3700 quidni?
861 3605 999 3667 ΙΠιιιιι
1021 3627 1138 3686 quoque
1159 3607 1190 3666 in
1211 3608 1299 3671 Dem.
1324 3607 1477 3709 singulare

228 3702 280 3768 est,
309 3695 389 3774 quod
417 3693 565 3754 interdum
598 3713 636 3754 ex
662 3684 809 3753 sententia
833 3691 991 3772 principali
1013 3692 1194 3756 affirmativa
1222 3713 1275 3773 per
1296 3694 1477 3756 sententiam

227 3742 435 3843 relbtivamed
454 3779 697 3880 interrogandum
711 3779 861 3853 transitur,
884 3787 918 3839 ut
930 3778 1054 3852 XVIII
1079 3783 1118 3841 93
1136 3801 1147 3842 ι
1146 3773 1270 3863 φίλος
1284 3779 1477 3868 πολιορκῶν

227 3860 501 3951 οὐιοιιςὲωοᾶιο,
523 3855 737 3947 obriys'rom'
753 3856 792 3928 tir
816 3863 962 3944 αἴσχιον,
985 3865 1021 3926 ef.
1043 3865 1082 3926 ib.
1108 3870 1178 3940 126,
1199 3865 1325 3966 XXIX,
1349 3871 1401 3942 36,
1427 3872 1476 3928 47

228 3952 431 4029 Quinetiam,
464 3974 532 4014 cum
554 3952 646 4014 verba
667 3951 821 4031 particulis
844 3951 1021 4052 copulativis
1043 3951 1216 4032 iunguntur,
1250 3952 1282 4012 in
1304 3974 1365 4014 una
1388 3963 1529 4033 parte

226 4038 325 4143 qubito
338 4039 432 4100 oratio
444 4039 505 4100 ad
497 4039 755 4138 mterrogationem
776 4037 963 4101 invertitur
954 4057 985 4096 ιιι
1000 4038 1096 4100 Pant·
1104 4043 1143 4100 14
1165 4035 1270 4104 πολλοι
1295 4039 1475 4124 δεηθέντος

226 4113 831 4209 ι’μοῦκιιιιίοῦιιοιήσαντοςς
855 4147 926 4224 req.
1116 4185 1125 4206 „

328 4211 389 4273 His
412 4211 569 4273 accedant.
592 4211 649 4292 IV,
674 4216 714 4274 10
731 4203 934 4314 pirenorum
951 4203 991 4276 ἄν
1013 4233 1044 4273 ιι
1060 4197 1288 4312 καινότερον
1269 4235 1288 4273 r
1283 4203 1478 4279 Μακεδών

225 4287 316 4401 ἇνὴ,
339 4295 546 4380 Ἀθηναιους
573 4259 808 4374 καιιιιιιολειιιῦν
837 4295 891 4360 καὶ
924 4290 964 4360 rol
986 4319 1051 4360 των
1067 4289 1231 4406 Ελλήνων
1254 4263 1405 4372 διοικῶν,
1437 4298 1475 4361 οι.

224 4405 261 4448 ιι.
283 4382 392 4470 umora
404 4386 466 4465 (Sp
481 4384 506 4459 I,
522 4386 612 4464 270);
634 4384 692 4459 IX,
709 4388 750 4446 34
766 4405 802 4448 ou
793 4380 1039 4467 totamm
1022 4407 1066 4448 ενι
1088 4381 1298 4473 Αμβροκιαν
1314 4373 1476 4470 sipbara
1527 4411 1528 4475 t
