3138 5004
733 359 770 416 81

651 441 859 449 ———-

119 559 234 639 sactus,
259 559 445 641 repudiandi
466 595 508 604 —
531 561 564 620 in
587 559 716 622 dicendo
739 560 843 637 irasci,
868 559 971 622 dolere
984 594 1026 605 —
1040 579 1103 621 uon
1124 565 1194 622 suni
1207 559 1293 640 sipu,
1316 579 1380 622 non

126 645 227 725 inopis
250 664 344 728 quom
365 647 663 720 moderaminum,
685 665 815 726 repara,
838 646 893 708 sed
916 645 994 715 tutin
1011 665 1127 728 purum
1151 646 1311 727 diligenter
1332 648 1381 707 in·

128 737 259 806 tuentes,
288 733 371 814 quod
399 733 558 794 inueniunt
586 733 619 793 in
642 732 781 796 (amnibus
803 733 842 794 iis
865 733 939 795 iocis
959 733 1051 813 ripn:
1078 752 1176 816 neque
1200 733 1282 795 enim
1300 752 1380 814 pura

126 817 193 879 ullu
216 818 338 880 dicendi
360 825 410 894 est,
434 839 513 901 quoe
535 838 598 881 non
620 819 757 900 recipcre
782 838 834 880 eus
851 821 961 901 possit,
983 819 1038 882 sed
1060 819 1146 882 uliud
1158 825 1201 882 cst
1218 819 1379 881 admittere

117 904 269 987 figuram,
293 905 379 967 uliud
400 905 449 986 tiy.
476 925 548 968 csse.
592 905 804 966 Percurramus
826 905 918 985 igitur

533 1153 796 1246 Sententiarum
819 1154 973 1270 liguram

123 1353 242 1410 nutura
276 1353 320 1410 ast
351 1349 432 1409 enim
459 1349 547 1430 prius
579 1350 691 1411 sentire
719 1367 812 1431 quoin
838 1348 939 1430 eloqui
950 1345 1001 1429 1⁶).
1047 1345 1078 1406 A
1100 1343 1232 1417 Graecis
1261 1341 1378 1402 utiam

124 1455 217 1514 supra
239 1435 385 1508 indicavi,
414 1433 567 1506 διανοίας
591 1423 745 1520 οχὴμαια·
766 1434 956 1514 appellantur
978 1442 1068 1513 atque
1090 1432 1129 1492 ab
1151 1427 1312 1510 Herod.¹⁷)
1336 1427 1378 1488 sic
1435 1469 1437 1474 -

123 1521 323 1582 definiuntur:
354 1511 426 1584 ἔστι
457 1517 493 1584 δὲ
516 1521 626 1606 σχῆμα
650 1523 680 1584 d.
702 1517 740 1586 τό
762 1514 808 1606 μή
832 1515 916 1584 κατὰ
940 1511 1041 1604 φύσιν
1063 1514 1200 1604 semiper
1223 1507 1280 1578 adv
1302 1513 1377 1578 νοῦν

123 1604 211 1690 μηδὲ
235 1599 455 1688 dasdamus,
486 1600 560 1672 ἀλλ’
583 1603 740 1694 ἐκτρέπον
764 1604 820 1671 καὶ
844 1596 1043 1686 standuna
1065 1597 1123 1687 τήν
1146 1602 1204 1688 τῆς
1229 1596 1379 1671 διανοίας

122 1686 260 1778 φράσιν.
304 1694 349 1754 Aa
376 1694 434 1756 hoc
462 1695 560 1774 ipsum
590 1681 807 1773 ἐξαλλάσσειν
834 1689 892 1783 τήν
922 1693 979 1764 οἷς
1003 1693 1032 1758 d.
1057 1679 1217 1777 φράσιν
1239 1687 1375 1760 ostendit,

123 1801 218 1860 quam
237 1780 355 1842 lubrica
376 1781 415 1841 sit
438 1789 467 1842 et
489 1781 639 1842 instabilis
661 1781 736 1841 haec
757 1788 821 1841 tota
842 1779 919 1841 ratio
942 1778 1110 1850 dividendi;
1138 1775 1190 1837 sed
1210 1775 1268 1836 hoc
1288 1773 1375 1834 relin-

123 1887 262 1946 quamus.
307 1867 346 1930 G.
370 1867 541 1928 Hermanni
561 1866 599 1927 de
620 1868 678 1928 hac
697 1887 729 1928 re
750 1868 825 1928 haec
847 1875 917 1926 sunt
938 1863 1084 1944 verba¹⁸):
1115 1863 1185 1943 u99.
1209 1861 1377 1924 sententiae

123 1961 209 2026 sunt,
243 1953 352 2034 quibus
377 1955 487 2032 ‚formu
521 1955 766 2015 enuntiationum
799 1952 1028 2014 accommodate
1060 1950 1102 2012 ud
1129 1949 1225 2010 animi
1256 1965 1378 2009 sensnm

122 2045 272 2100 mutatur.
323 2039 407 2100 Huic
436 2039 598 2118 figurarum
625 2040 705 2119 parti
733 2060 753 2100 a
785 2038 964 2118 quibusdam
998 2035 1226 2117 argumentandi
1259 2039 1376 2114 quoque

125 2125 228 2203 aliqua
249 2146 359 2204 genera
381 2125 513 2186 subiecta
534 2145 598 2186 esse
619 2126 695 2188 vidit
716 2126 777 2186 iam
798 2126 954 2205 Longinus
966 2123 1020 2205 ¹⁹);
1043 2144 1130 2184 usum
1153 2130 1253 2184 autem
1275 2139 1377 2180 earum

123 2211 257 2271 maxime
291 2211 322 2270 in
355 2211 586 2272 confirmationis
620 2220 649 2272 et
680 2211 866 2272 refutationis
899 2219 999 2291 partes
1032 2211 1137 2272 cadere
1169 2216 1248 2269 recte
1275 2213 1377 2267 monet

124 2295 282 2378 Blass.²⁰).
320 2297 405 2358 Idem
417 2297 458 2378 2Ῑ)
481 2297 513 2356 in
536 2297 645 2358 iudicio
665 2297 703 2358 de
725 2295 865 2359 Isocratis
886 2297 1056 2377 eloquentia
1077 2295 1197 2358 ferendo
1212 2293 1293 2372 dicit,
1315 2313 1376 2352 non

124 2381 214 2443 modo
237 2383 318 2462 apud
339 2384 436 2458 hunc,
467 2383 518 2444 sed
541 2384 661 2444 omnino
693 2383 774 2462 apud
795 2383 863 2443 illos
884 2383 1056 2445 veterrimos
1079 2391 1208 2443 oratores
1230 2380 1287 2440 hoo
1308 2379 1376 2458 figg.

122 2487 217 2547 genus
239 2489 334 2548 paene
360 2490 509 2550 nusquam
531 2469 675 2544 inveniri,
697 2469 931 2530 Demosthenem
952 2489 1022 2531 vero
1045 2467 1106 2531 Cic.
1130 2468 1214 2528 Brut.
1239 2469 1299 2527 141
1325 2464 1374 2544 (ot.

119 2557 249 2634 or.136)
271 2555 477 2617 illuminandis
500 2556 653 2617 sententiis
675 2563 827 2636 praestaro
848 2555 986 2616 omnibus
1003 2551 1105 2616 scribit
1118 2554 1156 2615 ob
1176 2572 1300 2631 eamque
1313 2571 1376 2610 rem

119 2660 140 2700 a
161 2640 255 2702 doctis
278 2662 346 2702 eum
368 2652 518 2703 oratorum
540 2643 705 2722 principem
719 2663 783 2703 esse
796 2642 969 2703 iudicatum.
1005 2640 1089 2701 Hinc
1106 2639 1192 2700 illam
1206 2638 1375 2718 opinionem

117 2735 225 2787 natam
248 2748 311 2789 esse
332 2737 415 2808 puto,
439 2750 530 2809 quam
552 2729 643 2790 etiam
657 2729 781 2792 Volkm.
798 2728 874 2790 tueri
887 2727 1013 2801 videtur,
1036 2726 1269 2788 Demosthenem
1284 2723 1374 2784 etiam

118 2812 262 2874 Cicerone
287 2815 320 2874 in
349 2815 406 2877 hoc
428 2837 455 2895 g.
478 2815 706 2896 frequentiorem
736 2836 808 2880 esse.
854 2815 921 2894 Ego
944 2813 1064 2894 quidem
1088 2821 1152 2874 arte
1173 2810 1323 2873 manandi
1345 2817 1375 2869 et

116 2899 295 2960 moderandi
321 2901 354 2961 in
380 2901 529 2982 plerisque
550 2902 619 2982 figg.
641 2902 874 2964 Demosthenem
898 2901 1033 2962 Oioeroni
1054 2908 1206 2980 praestare
1228 2897 1373 2970 existimo,

115 2985 286 3064 frequentia
314 2987 395 3049 hunc
423 3009 519 3068 paene
545 2988 578 3047 in
610 2989 748 3050 omnibus
778 2988 865 3049 illum
898 3007 1037 3068 superare
1070 2986 1192 3066 reperio.
1236 2985 1296 3046 Sed
1318 2984 1375 3044 hoc

115 3071 326 3152 planiusfiet,
358 3075 384 3134 si
412 3075 474 3135 ianr
504 3074 544 3135 ad
574 3074 707 3154 singulas
737 3074 848 3135 formas
871 3074 1047 3154 exponenda
1070 3073 1282 3154 aggrediemur.
1327 3069 1375 3130 Ac

115 3158 250 3238 primum
273 3161 374 3221 omnia
396 3161 636 3241 complectamur,
658 3181 785 3241 quorum
809 3160 889 3239 aqud
911 3169 1024 3224 veteres
1046 3181 1155 3222 nomen

602 3406 895 3500 homoeosis

116 3602 226 3656 exstat.
270 3594 328 3656 Est
356 3603 457 3657 autem
485 3596 515 3660 h.
540 3598 641 3660 rninue
670 3605 762 3664 notua
784 3603 831 3662 rei
849 3621 909 3682 per
930 3601 1160 3663 similitudinem
1184 3601 1262 3674 eius,
1295 3619 1374 3681 quoe

117 3681 218 3760 inopis
239 3686 314 3780 notu
345 3688 402 3756 est,
433 3683 653 3780 demonstratio
682 3686 747 3760 vel,
777 3696 812 3749 ut
832 3687 952 3768 Polybii
977 3687 1076 3750 verbis
1098 3696 1182 3760 utar,
1206 3677 1374 3764 ὁμοίωσίς

116 3762 191 3829 ἐστι
212 3766 314 3850 loyca,
337 3765 417 3834 καθ’
440 3760 476 3833 hv
497 3761 676 3850 ὁμοιοῦμεν
696 3770 806 3857 ἕτερον
821 3769 922 3856 ἑτέρῳ
931 3773 985 3855 ²²).
1030 3773 1171 3835 Haecin
1184 3781 1243 3834 tres
1262 3772 1373 3852 species

116 3852 213 3914 dividi
224 3852 299 3914 solet
320 3845 439 3930 εἰκόνα,
462 3876 539 3935 quae
551 3857 662 3920 Latine
674 3858 774 3938 imago
787 3859 964 3939 appellatur,
976 3849 1181 3944 παραβολήν,
1193 3879 1269 3940 qnae
1282 3859 1372 3920 etiam

118 3938 282 4000 similitudo
313 3939 376 4002 sive
398 3940 519 4016 collatio
541 3943 665 4019 dicitur,
699 3935 913 4032 παράδειγμα
944 3947 1007 4010 sive
1029 3945 1218 4026 exemptum„
1245 3966 1371 4026 quorum

117 4025 270 4087 distinctio
292 4025 421 4087 difficilis
444 4036 497 4090 est.
542 4029 610 4092 Sed¹
624 4032 754 4111 primum
776 4041 889 4096 veteres
912 4033 1079 4097 audiamus.
1125 4033 1173 4094 Ac
1194 4032 1338 4114 parabole
1352 4052 1372 4092 a

225 4234 254 4304 ¹⁶)
275 4237 367 4302 Aquil.
385 4237 420 4287 H.
440 4239 480 4287 23.
519 4236 608 4303 ¹²)Sp.
627 4239 676 4303 111,
696 4241 736 4289 90.
775 4239 806 4305 ¹⁸)
825 4255 868 4305 op.
886 4255 925 4290 ac.
944 4242 966 4304 Ι,
987 4244 1044 4306 104,
1063 4241 1243 4304 0100111104,
1264 4243 1304 4304 13,
1331 4242 1370 4304 18,

118 4307 161 4356 Pe.
179 4306 265 4357 Rufin.
284 4307 318 4356 Η.
339 4307 380 4358 59.
419 4305 511 4371 ¹⁸)Sp.
530 4307 552 4370 Ι,
572 4310 639 4370 310,
665 4309 697 4357 cf.
717 4309 817 4360 Mensa.
835 4310 869 4359 D.
889 4315 919 4374 4,
938 4309 1043 4360 Volkm.
1061 4311 1138 4364 Rhet.
1157 4313 1216 4360 416.
1253 4309 1285 4375 ²⁰)
1304 4310 1371 4373 111„

120 4378 179 4429 150.
215 4374 247 4441 ²¹)
267 4377 301 4439 ΙΙ,
322 4377 379 4426 161.
417 4375 447 4440 ²²)
466 4376 528 4428 Bed.
549 4376 583 4424 Η.
603 4379 663 4440 618,
682 4376 724 4444 Sp.
744 4378 794 4440 111,
815 4381 880 4443 1063
900 4380 934 4432 cf.
953 4381 1052 4447 Tryph.
1074 4383 1132 4444 200,
1151 4380 1213 4432 Coc.
1234 4381 1291 4429 239.
