3138 5004
694 375 735 434 93

86 603 179 664 saepe
197 583 242 643 ita
263 581 454 661 exprimitur,
487 588 520 642 ut
548 582 628 644 oerni
649 582 747 662 potius
769 582 929 644 videantur
948 603 1039 663 quam
1062 583 1166 657 audiri,
1187 584 1272 646 velut
1293 605 1343 664 ap.

86 670 152 733 cio.
176 670 197 730 l.
222 689 248 730 a.
271 668 312 741 Π,
337 673 377 732 63
400 665 510 749 ponite
533 677 607 728 oute
631 665 737 730 oeulos
760 666 848 729 vobio
863 665 1004 747 Rullum,
1028 667 1112 730 inter
1126 679 1345 753 noeirootque

89 754 228 818 boetium
250 765 362 816 costra
384 751 478 816 borio
499 753 607 837 posito
630 753 884 834 aestimantem
906 754 972 817 Mil.
988 762 1030 819 54
1042 754 1075 816 ri
1083 752 1158 816 boec
1177 777 1241 818 noo
1250 767 1344 841 perio

88 838 276 917 audiretis,
304 837 363 901 sod
388 840 482 922 picto
511 837 663 901 videretis
692 839 806 920 etc.⁶¹);
830 840 868 906 cf.
895 842 983 904 Rosc.
1006 842 1045 904 A.
1076 848 1133 915 98;
1162 843 1252 909 Balb.
1283 849 1345 917 47,

89 928 159 991 Mil.
187 933 243 1001 793
265 927 332 988 Dei.
357 931 414 1000 20;
435 931 492 1000 40;
516 926 571 988 Ph.
594 927 652 1000 XI,
677 933 712 1000 73
734 926 810 1002 XII,
836 931 890 1000 14;
913 928 1000 990 Dcm.
1023 929 1115 1003 XIX,
1139 934 1179 992 65
1205 938 1235 992 et
1256 929 1343 992 illum

88 1017 192 1078 locum
214 1013 412 1075 clarissimum
433 1013 562 1088 XVIII,
595 1018 665 1076 169.
709 1013 797 1074 Haec
827 1022 857 1074 et
879 1014 989 1076 similia
1012 1036 1031 1076 a
1052 1016 1201 1078 veteribus
1223 1005 1343 1082 diroti·

90 1120 212 1175 πωσις,
236 1093 510 1180 oiozimomgffl),
532 1091 746 1183 eriperer),
770 1094 989 1184 a'irqrpoorrffli
1011 1100 1267 1183 demonstratio⁶⁵)
1289 1111 1344 1165 etc

90 1187 335 1269 appellabantur.
379 1185 470 1248 Alex.
492 1186 545 1267 sp.
569 1185 636 1261 ΠΙ,
669 1191 709 1250 18
739 1206 782 1266 sq.
807 1187 892 1248 affert
920 1187 1090 1267 exemplum
1118 1185 1343 1274 iaatoioyiocc‚

90 1277 122 1336 in
146 1295 207 1355 quo
230 1282 328 1335 orator
349 1271 480 1333 minimis
502 1272 667 1353 quibusque
678 1271 766 1334 rebus
777 1274 987 1353 persequendis
1000 1275 1171 1336 tarditatem
1186 1285 1216 1337 et
1229 1296 1345 1337 moram

89 1360 296 1424 efficacissime
315 1359 402 1438 quasi
423 1359 571 1440 depingit;
594 1360 632 1422 cf.
649 1358 780 1438 Aquilae
794 1359 848 1439 (H.
871 1363 923 1438 23)
944 1359 1161 1445 λεπτολογίας
1174 1362 1345 1443 exemplum

89 1471 131 1511 ex
161 1468 203 1508 or.
226 1445 286 1508 (iic.
308 1467 337 1525 p.
360 1443 452 1507 Gallo
478 1445 515 1507 fr.
540 1451 567 1510 1.
619 1446 723 1507 Etiam
752 1466 891 1525 praesens
913 1445 1100 1522 historicum,
1123 1467 1182 1528 quo
1204 1469 1250 1510 res
1273 1449 1345 1510 olim

90 1543 196 1616 gestae
217 1533 261 1593 ita
281 1531 477 1612 proferuntur,
499 1532 585 1611 quasi
606 1553 687 1593 nune
708 1532 839 1594 maxime
861 1541 996 1612 agantur
1019 1533 1078 1594 huc
1099 1534 1277 1596 trahendum
1293 1543 1346 1608 est,

92 1631 127 1684 ut
148 1621 191 1682 V.
216 1625 243 1693 5,
267 1620 308 1682 86
331 1616 493 1702 egreditur
517 1617 554 1678 αά
569 1615 783 1701 Centuripino
806 1617 1009 1700 quadriremi
1020 1617 1197 1682 Cleomenes
1213 1641 1228 1680 e
1240 1631 1346 1702 portu,

91 1705 241 1789 sequitur
270 1701 445 1789 Segestano
476 1712 530 1766 etc.
583 1705 621 1766 In
646 1706 734 1766 Rosc.
756 1704 796 1766 A.
829 1711 891 1769 110
921 1727 989 1767 cum
1021 1705 1080 1768 hac
1108 1707 1225 1768 fictione
1254 1707 1345 1768 etiam

90 1793 269 1867 infinitiva,
291 1791 342 1871 qui
364 1790 479 1866 dIcitur,
501 1790 657 1853 historicus
675 1791 880 1871 coniungitur:
903 1802 1016 1871 monet,
1040 1803 1074 1853 at
1090 1789 1264 1875 provideat
1285 1813 1347 1855 —r

90 1875 234 1943 ostendit
255 1898 321 1939 sese
342 1877 461 1960 capitis
480 1875 867 1960 perieulumodo'iuruoz:
889 1875 981 1942 ellum
994 1899 1117 1957 acuere,
1141 1876 1347 1962 hosfollero:

93 1965 188 2031 ilium
210 1984 355 2038 otonere,
389 1961 475 2027 bisce
498 1984 587 2045 apem
607 1961 736 2042 faloam
760 1961 924 2026 ostendere
946 1973 1002 2032 etc.
1040 1967 1096 2028 Ph.
1118 1966 1192 2041 VH,
1219 1972 1235 2027 1
1259 1961 1348 2049 opud

96 2051 235 2115 aiterum
257 2071 351 2129 orror,
376 2047 489 2114 liberi:
511 2048 591 2112 altor
607 2047 750 2132 quotidie
765 2047 894 2114 litteras
907 2051 1039 2130 mittere,
1062 2053 1216 2136 accepere,
1239 2061 1349 2136 operte

84 2137 209 2224 fovere
232 2135 383 2199 Antonio.
428 2136 527 2199 Ofiv.
550 2141 579 2213 4,
604 2143 643 2200 39
668 2158 730 2218 sqq.
755 2141 812 2211 33;
837 2143 894 2210 52;
920 2143 976 2211 63;
1001 2144 1058 2212 66;
1083 2145 1139 2213 75;
1165 2144 1243 2213 146;
1269 2145 1347 2212 149;

98 2230 364 2305 s,1asq.1oo;
394 2229 472 2296 roos
505 2224 717 2298 141;1‚25;
750 2229 777 2297 1,
810 2229 867 2297 663
898 2229 954 2298 αα
987 2230 1095 2299 a,12;
1126 2230 1182 2299 αα
1215 2233 1268 2301 603
1292 2232 1348 2300 aa

102 2317 182 2384 1343
214 2316 290 2386 1873
320 2316 398 2382 1883
430 2314 458 2384 3,
483 2315 540 2382 61;
571 2314 628 2382 62;
663 2315 737 2383 137;
767 2311 855 2374 Rosc.
879 2309 918 2376 A.
949 2316 1006 2384 28;
1038 2312 1154 2382 Cluent
1178 2319 1236 2386 593
1270 2319 1348 2386 177;

98 2399 178 2462 Sest.
207 2403 246 2459 74
256 2420 269 2472 ς,
292 2398 352 2459 Pis.
378 2402 430 2463 69.
482 2397 608 2458 Summa
637 2417 707 2459 vero
735 2396 862 2457 audacia
891 2404 947 2471 est,
975 2418 1117 2472 cumea,
1149 2420 1226 2479 quae
1248 2400 1349 2460 futura

96 2493 170 2548 sunt
191 2492 243 2546 aut
265 2483 409 2557 absentia,
432 2492 530 2544 orator
551 2483 652 2545 videre
674 2482 732 2544 sibi
752 2482 878 2557 videtur,
900 2491 934 2544 ut
945 2482 1006 2544 (iic.
1018 2484 1083 2550 Cat.
1100 2485 1157 2559 IV,
1183 2491 1220 2547 11
1239 2482 1349 2548 videor

96 2568 183 2632 mebi
207 2567 315 2634 videre
346 2566 444 2630 irene*
461 2567 570 2630 urbem
593 2567 695 2632 subito
727 2590 789 2630 ααα
818 2565 965 2630 incendio
992 2567 1223 2643 concidentem
1253 2590 1349 2632 corno

95 2659 206 2721 ααίααο
233 2654 355 2740 sepulto
384 2657 419 2719 in
448 2654 566 2738 patrio
595 2652 770 2738 insepultos
800 2675 929 2718 acervos
961 2656 1080 2718 civium
1114 2665 1167 2719 etc.
1211 2658 1250 2719 In
1282 2658 1349 2723 cod.

95 2745 203 2807 Eckst.
227 2745 270 2806 H.
295 2748 334 2806 73
358 2742 407 2804 hic
428 2763 499 2803 usus
523 2739 596 2807 ἰδέα
620 2742 807 2822 appellatur,
830 2743 868 2803 ab
892 2751 1011 2810 auctore
1033 2742 1102 2804 libri
1125 2741 1202 2831 trapi
1226 2737 1255 2808 ὕ.
1280 2744 1347 2823 (Sp.

95 2833 119 2906 I,
147 2836 221 2905 264,
244 2830 280 2892 cf.
303 2830 343 2891 ib.
367 2831 440 2908 266)
470 2825 655 2913 φαντασίας
685 2829 726 2894 ib.
757 2829 915 2890 adhibetur
942 2829 1029 2890 Dem.
1051 2830 1179 2906 XXIV,
1208 2836 1286 2904 20&
1310 2830 1349 2893 cf.

95 2917 228 2997 Quintil.
252 2923 290 2992 6,
315 2920 349 2990 2,
375 2921 414 2979 29
438 2937 482 2994 sq.
532 2916 570 2976 In
592 2916 655 2979 Cic.
677 2915 732 2977 Ph.
757 2915 841 2988 XII,
873 2920 913 2977 26
944 2914 981 2978 de
1002 2936 1034 2977 re
1055 2916 1156 2977 futura
1179 2917 1221 2978 sic
1243 2917 1351 2996 agitur,

92 3003 187 3086 quasi
208 3005 269 3066 iam
291 3003 421 3083 pen‘ecta
443 3003 482 3063 sit
503 3011 532 3062 et
553 3010 681 3082 peracta.
726 3002 786 3064 sed
807 3002 853 3062 his
874 3001 954 3075 satis,
977 3011 1012 3064 ut
1033 3003 1152 3082 opinor,
1182 3004 1352 3085 explanatis

449 3227 499 3319 [ie
523 3228 800 3344 interrogatione
823 3226 1001 3320 rhetorica

95 3441 236 3501 agamus
273 3420 441 3504 Atqueea,
463 3442 540 3501 quae
563 3421 744 3484 aveteribus
766 3422 804 3483 de
825 3421 881 3483 hoc
902 3421 968 3482 loco
990 3442 1062 3484 sane
1081 3421 1182 3500 amplo
1204 3429 1234 3481 ct
1253 3419 1354 3481 multi·

96 3505 175 3590 plici
182 3507 448 3587 praecipiebantur,
466 3508 541 3569 nihil
548 3529 644 3589 paene
657 3509 731 3588 mihi
739 3508 842 3570 afferre
850 3508 990 3571 videntur
1004 3509 1044 3570 ad
1057 3529 1126 3568 eum
1133 3506 1353 3590 explicandum.

96 3595 187 3656 Nam
208 3593 254 3654 illi
275 3602 371 3654 totum
391 3615 485 3674 genus
515 3595 547 3655 in
570 3595 645 3656 duas
667 3595 778 3656 formas
800 3587 955 3680 ἐρώτημα
985 3602 1015 3655 et
1037 3587 1153 3673 πύσμα
1181 3593 1357 3667 diviserunt,

97 3701 182 3762 quas
204 3680 318 3760 Aquila
340 3680 393 3760 (H.
418 3684 469 3761 25)
492 3702 526 3743 eo
548 3681 664 3742 differre
686 3682 798 3756 scribit,
826 3679 907 3761 quod
934 3681 973 3741 ad
996 3667 1153 3762 ἐρώτημα
1183 3679 1245 3743 sive
1267 3679 1355 3740 inter·

95 3775 243 3848 rogatum
271 3787 333 3827 una
363 3789 436 3830 voce
457 3769 627 3848 responderi
648 3768 756 3848 possit,
785 3768 834 3831 vel
867 3788 886 3827 a
907 3775 1035 3846 negante
1064 3765 1113 3829 vel
1145 3766 1355 3828 aconfitente:

98 3847 256 3934 πύσματα
273 3862 372 3915 autem
386 3853 449 3917 sive
460 3855 593 3935 quaesito
608 3855 720 3916 occurri
736 3854 795 3916 nisi
806 3853 941 3935 pluribus
956 3874 1017 3914 non
1027 3853 1121 3934 possit
1130 3851 1177 3934 ⁶⁶).
1205 3852 1356 3914 Videntur

213 4063 246 4110 ⁸¹¹
263 4063 324 4112 vide
343 4063 456 4124 Quintil.
476 4064 501 4123 9,
520 4067 542 4125 2,
562 4063 697 4113 4061016.
717 4063 748 4112 da
758 4079 795 4112 or.
815 4065 839 4127 3,
851 4064 899 4111 202
916 4057 966 4111 sub
976 4063 1114 4127 otpertum
1119 4073 1208 4128 poene
1216 4059 1356 4114 subiectio.

99 4135 135 4198 ⁸²)
158 4133 201 4197 Sp.
222 4133 271 4196 111,
293 4136 341 4183 180
360 4132 439 4182 habet
456 4133 556 4183 iinon:
582 4129 603 4182 δ.
624 4129 675 4183 ἐστι
699 4128 773 4202 λόγος
792 4125 968 4202 διηγηματικὸς
992 4126 1032 4179 ὑπ’
1058 4126 1113 4198 ὄψιν
1135 4128 1202 4202 ἄγων
1221 4127 1262 4182 καὶ
1281 4127 1355 4182 αἰανεὶ

102 4201 250 4273 [arpason
268 4200 299 4252 τὰ
317 4199 396 4252 πάλαι
414 4198 475 4250 ποτὲ
495 4197 621 4282 γενόμενα.
657 4201 689 4266 ⁸³)
708 4200 859 4266 Tryplr.Sp.
880 4201 929 4250 III.
951 4201 1007 4250 199.
1044 4199 1184 4264 ⁸‘)'l'heon.
1196 4201 1276 4260 ib.II,
1298 4203 1354 4251 118.

103 4273 138 4338 ⁶⁸)
163 4271 261 4321 Cornif.
281 4278 305 4334 4,
323 4272 365 4336 55,
385 4271 426 4321 68.
463 4269 495 4336 ⁸⁸)
513 4271 601 4320 Etiam
621 4269 783 4332 Quintiliani
808 4271 844 4330 (9,
864 4272 887 4330 2,
907 4267 932 4336 6)
950 4269 1032 4319 verba
1050 4267 1219 4336 interrogare
1237 4268 1280 4322 oei
1294 4282 1357 4335 per·-

101 4338 218 4394 contoro'
243 4355 275 4392 ex
300 4341 350 4390 hac
375 4340 464 4405 inepta
489 4339 592 4389 ratione
614 4345 676 4389 nata
694 4345 769 4401 eunt3
794 4340 828 4388 cf.
847 4337 923 4388 Alex.
944 4339 986 4405 Sp,
1006 4337 1060 4400 Ill,
1087 4341 1120 4387 24
1138 4355 1177 4403 sq.
1195 4339 1293 4393 Phoeb.
1314 4341 1358 4400 53,

103 4413 175 4462 Zon.
196 4412 252 4474 163,
271 4412 357 4461 Anon.
376 4412 433 4476 179,
453 4410 509 4461 cod.
530 4409 622 4462 Eckst.
640 4411 674 4459 H.
694 4409 725 4458 75
745 4424 783 4473 sq.
803 4415 852 4459 ete.

1204 4494 1234 4544 ’β
