3136 5004
821 375 861 432 46

736 457 941 468 ——---—-

213 577 374 658 torpitr'one
405 578 530 658 effusior
558 585 613 640 etc.
664 576 714 637 Ex
742 577 830 640 Dem.
846 577 919 638 'huc
949 578 1077 657 pertinet
1106 579 1143 640 de
1168 601 1226 644 cor.
1256 587 1316 645 136
1348 583 1469 670 πολλῷ

214 660 324 749 ῥέοντι
346 661 426 729 καθ’
450 653 552 743 ὑμῶν.

315 752 347 812 A
369 751 435 811 luce
465 758 564 810 autem
592 759 621 812 et
646 749 745 813 verbis
775 749 894 811 lucendi
923 749 1084 812 similitudo
1111 751 1201 814 ducta
1229 763 1278 815 est.
1301 755 1347 816 his
1376 757 1468 821 locis:

211 837 285 903 Vat.
311 843 351 900 25
384 835 529 919 splendor
551 835 800 919 proestrtupebat
829 836 951 916 ocutos,
985 838 1037 898 sed
1064 837 1095 897 in
1125 839 1223 901 verbis
1252 842 1406 921 »splendor
1436 855 1469 906 et

212 923 411 1004 splendidus«,
440 943 517 1003 quae
538 923 650 984 ordinis
673 923 815 1001 equestris
837 923 958 1002 propria
983 932 1084 998 eraut,
1113 924 1261 988 Ciceronis
1284 937 1382 991 aetate
1403 931 1467 992 iam

211 1011 308 1072 omnis
320 1009 435 1089 tropica
449 1017 590 1072 venustas
609 1009 755 1070 exstincta
769 1008 860 1069 fuisse
869 1009 995 1085 ridetur,
1009 1010 1041 1069 in
1052 1010 1109 1072 hoe
1124 1020 1222 1074 autem
1239 1013 1303 1093 ipso
1318 1017 1470 1096 exemplo,
1549 1059 1550 1068 ν

210 1096 291 1176 quod
313 1096 401 1157 modo
423 1095 524 1176 posui,
553 1095 644 1158 verbo
665 1095 901 1175 praestringendi
922 1096 997 1158 haee
1018 1096 1064 1158 vis
1087 1097 1190 1177 aliqua
1218 1120 1255 1161 ex
1277 1110 1362 1180 parte
1384 1123 1468 1165 resu-
1549 1117 1550 1170 4

211 1183 341 1245 scitatur.
385 1181 512 1245 InOat
534 1181 593 1256 III,
618 1187 658 1243 24
680 1181 801 1243 dicitur:
834 1178 1013 1244 clarissimis
1035 1183 1110 1245 atris
1138 1186 1322 1265 Interfector,
1345 1189 1467 1252 lumina
1549 1219 1550 1226 ν

211 1269 342 1332 ciuitatis
372 1269 523 1331 castineto
549 1273 635 1347 suut3
667 1268 703 1329 cf.
725 1267 793 1331 Dei.
819 1272 877 1340 15;
907 1267 983 1332 Sull.
1003 1274 1039 1342 5;
1067 1269 1133 1332 Mil.
1157 1275 1213 1345 37;
1243 1293 1325 1352 prov.
1358 1296 1383 1336 c.
1408 1282 1448 1338 22
1455 1299 1465 1351 ;

210 1356 283 1418 Vat.
308 1360 361 1429 26;
384 1356 439 1416 Ph.
462 1355 504 1429 H,
528 1360 587 1428 51;
611 1359 667 1427 543
690 1354 749 1429 XI,
775 1359 828 1427 13;
854 1358 908 1427 14;
933 1359 984 1418 24.
1073 1413 1075 1416 .

314 1442 485 1522 Sequuntur
504 1439 715 1503 translationes
736 1441 843 1502 ductae
858 1440 897 1501 ab
913 1441 1052 1504 aedificiis
1068 1443 1193 1524 aliisque
1204 1445 1291 1506 rebus
1306 1445 1464 1509 hominum

208 1549 301 1590 manu
331 1529 417 1590 factis
445 1536 475 1590 et
503 1527 681 1607 comparatis
708 1527 757 1590 vel
780 1527 818 1588 ab
841 1527 895 1601 eis,
928 1549 1005 1607 quae
1033 1529 1080 1590 his
1111 1531 1243 1592 accidere
1271 1533 1376 1596 solent.
1423 1536 1463 1595 In

208 1615 249 1678 V.
273 1620 304 1689 3,
335 1620 397 1679 176
418 1614 622 1676 Timarchides
655 1613 795 1693 columen
810 1614 955 1693 familiae
976 1615 1085 1676 dicitur
1108 1616 1155 1696 (cf.
1177 1617 1278 1680 Flacc.
1302 1623 1362 1692 413
1385 1620 1462 1684 Sest.

211 1703 270 1782 19),
292 1702 333 1764 V.
357 1707 385 1776 5,
410 1705 471 1764 126
494 1700 622 1785 populus
643 1701 681 1762 R.
695 1708 806 1780 portus,
830 1720 891 1774 ara,
914 1721 969 1761 arx
984 1702 1137 1778 sociorum,
1160 1703 1198 1768 cf.
1214 1704 1271 1768 Ph.
1287 1705 1378 1780 VIII,
1404 1712 1461 1782 24;

208 1788 344 1850 similiter
364 1795 633 1849 commemorantur
653 1807 737 1866 prov.
761 1807 786 1850 c.
806 1789 844 1848 13
867 1786 1096 1867 publicanorum
1117 1789 1222 1852 ruinae
1244 1791 1290 1871 (cl.
1303 1791 1381 1854 dom.
1399 1796 1462 1875 96),

207 1873 310 1938 Flacc.
335 1878 376 1936 24
406 1873 593 1953 innocentiae
624 1872 707 1934 labes
741 1881 794 1934 aut
814 1893 855 1947 r.,
882 1895 959 1953 quae
990 1883 1091 1936 tamen
1120 1877 1273 1956 exempla,
1304 1879 1329 1939 si
1358 1899 1460 1941 eorum

207 1961 352 2022 rationem
375 1960 574 2040 metonymiae
594 1959 748 2039 respicias,
779 1959 818 2020 ad
849 1969 988 2039 quartum
1011 1962 1239 2024 translationum
1262 1985 1356 2044 genus
1377 1987 1461 2029 revo-

205 2047 304 2108 canda
326 2056 406 2120 sunu
439 2047 519 2112 dom.
548 2051 588 2109 27
624 2045 732 2125 legitur
765 2045 907 2108 desinant
942 2047 1039 2109 tsdem
1076 2049 1224 2110 macbtuts
1254 2070 1380 2133 sperare
1411 2073 1459 2116 me

205 2135 378 2196 restitutum
395 2152 488 2216 posse
511 2132 701 2212 labefactari,
735 2132 844 2220 quibus
867 2139 959 2195 antea
982 2141 1112 2197 stantem
1130 2135 1330 2217 perculerunt
1337 2161 1348 2217 ,·
1368 2138 1410 2205 V.
1431 2145 1461 2214 3,

206 2225 246 2282 47
271 2219 475 2300 labefactarat
497 2225 638 2282 oratores
655 2220 720 2280 iam
742 2219 884 2301 superior
907 2239 1016 2298 annus,
1038 2222 1201 2303 pronc'mus
1222 2243 1295 2285 uero
1320 2225 1459 2293 tuudr'tus

207 2312 358 2369 everterat
388 2305 435 2388 (cf.
465 2305 505 2366 ib.
531 2307 583 2385 77)
604 2313 676 2380 eta,
705 2305 761 2368 Ph.
786 2306 839 2380 II,
873 2310 913 2368 24
935 2326 1035 2389 resp.
1058 2313 1170 2388 staret,
1203 2315 1234 2372 tu
1263 2311 1460 2391 concidisset,

205 2393 260 2458 Ph.
283 2389 386 2468 XIII,
418 2397 458 2456 26
482 2392 571 2455 homo
594 2392 735 2474 diruptus
757 2392 952 2474 dirutusque,
976 2393 1032 2462 Ph.
1057 2394 1157 2469 XIV,
1182 2401 1201 2458 8
1223 2397 1286 2459 ruit
1305 2397 1370 2479 ipse
1393 2401 1459 2462 suta

206 2479 352 2554 cladibus,
374 2479 451 2541 Rab.
474 2479 508 2540 P.
532 2482 572 2541 43
596 2477 747 2541 tabentem
769 2483 898 2560 excepit,
914 2479 1006 2558 fulsit
1035 2488 1063 2543 et
1084 2483 1243 2557 suattnm't3
1267 2484 1302 2544 cf.
1325 2483 1391 2546 Cat
1415 2486 1461 2562 Π,

206 2572 244 2629 21
277 2575 346 2640 eto.;
378 2566 470 2627 aliam
498 2565 650 2645 quandam
677 2564 738 2628 vim
766 2564 858 2626 habet
879 2586 991 2628 »ruere«
1011 2568 1099 2630 Rosa.
1118 2567 1158 2631 A.
1183 2574 1238 2632 91:
1271 2570 1402 2634 ruebant
1424 2574 1458 2634 r'n

205 2652 337 2715 tenebris
359 2654 522 2734 omniaque
545 2650 729 2728 miscebunt,
758 2652 845 2714 Dem.
866 2650 958 2713 habet
983 2653 1081 2728 XXI,
1113 2659 1189 2717 139:
1220 2648 1334 2722 τούιοο
1364 2681 1457 2746 προ-

203 2736 365 2820 βέβληται
377 2733 595 2814 Πολύευκτος,
609 2737 751 2812 XXXII,
777 2743 817 2801 10
839 2727 1035 2826 ἐργαστήρια
1057 2741 1242 2824 μοχθηρῶν
1264 2734 1459 2828 ἀνθρώπων

205 2825 256 2906 (cf.
271 2825 341 2900 XL,
354 2831 372 2888 9
388 2833 418 2886 et
428 2825 470 2901 H,
484 2831 503 2888 8
515 2825 576 2885 iam
589 2845 679 2904 supra
689 2845 718 2904 p.
731 2828 771 2886 29
788 2824 936 2908 allatum).
953 2827 992 2888 V.
999 2831 1027 2901 4,
1045 2832 1085 2890 53
1095 2828 1135 2889 V.
1143 2827 1337 2890 everriculum
1350 2831 1459 2910 appel-

203 2912 291 2984 latur,
302 2911 334 2971 in
346 2911 413 2991 Lig.
428 2911 600 2991 lolegrtur:
614 2911 656 2972 ad
665 2909 876 2972 crudelitatem
888 2918 915 2974 te
931 2919 1020 2976 uertet
1035 2914 1149 2987 oratr'o;
1165 2913 1344 2977 adiecrirum
1354 2925 1456 2979 autem

201 3006 335 3059 »acutus«
346 3007 375 3059 et
381 2998 530 3060 Graecum
544 2997 796 3081 παροξυνθῆναι
814 3007 934 3077 propter
942 2999 1128 3079 frequentem
1138 3017 1225 3062 usum
1241 3000 1293 3063 liic
1307 3013 1368 3063 non
1384 3014 1459 3066 sunt

202 3084 397 3152 numeranda.
435 3085 557 3150 InMur.
570 3088 611 3148 64
633 3083 726 3144 habet
738 3083 814 3147 Cia:
827 3090 855 3146 te
877 3085 977 3168 ipsum
992 3123 1031 3132 —
1052 3107 1126 3149 cesus
1134 3087 1245 3165 flectet,
1270 3085 1337 3150 dies
1352 3089 1456 3170 leniet,

204 3177 290 3234 aetas
312 3169 462 3251 mittpabr't
476 3172 525 3251 (cf.
540 3169 580 3234 ib.
599 3174 657 3248 603
684 3173 739 3243 243
762 3170 838 3235 Sull.
861 3176 901 3234 18
909 3193 916 3245 ;
939 3172 1106 3254 Arch.19),
1129 3173 1204 3237 Sull.
1228 3179 1269 3237 46
1293 3193 1382 3238 uerno
1406 3197 1459 3240 me

203 3258 381 3321 tenuisuma
403 3258 574 3340 suspicione
584 3257 774 3338 perstriumt,
797 3277 887 3339 quem
897 3277 960 3321 uon
969 3261 1173 3340 pervertatur
1186 3279 1223 3322 oc
1234 3261 1457 3344 perfregerim,

202 3345 239 3408 ef.
250 3344 352 3406 Flacc.
365 3349 405 3408 53
411 3343 632 3427 proterendum
640 3349 669 3405 et
677 3344 925 3406 conculcandum.
957 3345 1322 3410 InSest.115invenit1n:
1338 3351 1462 3431 pendet

202 3431 292 3494 rebus
306 3428 479 3505 leuissimis,
502 3431 521 3492 l.
534 3451 560 3491 a.
575 3430 617 3504 ΙΙ,
642 3433 682 3492 66
705 3427 777 3492 nolo
799 3449 978 3512 suspensam
1002 3438 1031 3494 et
1045 3430 1196 3494 incertam
1216 3434 1336 3516 plebem
1359 3455 1457 3499 caeco

202 3515 431 3600 auspertote’oue
447 3517 585 3600 pendere
610 3517 659 3600 (cf.
682 3515 759 3578 dom.
783 3516 978 3591 96301uent.
1001 3524 1037 3592 83
1059 3519 1100 3583 V.
1116 3525 1143 3594 5,
1163 3524 1218 3595 14;
1241 3521 1260 3582 l.
1284 3542 1310 3583 a
1331 3522 1356 3596 I,
1381 3525 1454 3603 23);

200 3605 287 3667 Dem.
311 3605 402 3678 XIX,
428 3609 468 3668 18
492 3600 738 3689 ἀναρτωμένους
762 3597 898 3667 ἐλπίσιν
920 3599 957 3684 ἐξ
979 3599 1140 3680 ἐλπίδων,
1163 3607 1253 3668 etiam
1272 3608 1363 3670 indid.
1389 3614 1459 3672 224

201 3682 395 3756 ἐκλελύσθαι
418 3713 479 3772 μοι
504 3691 629 3754 δοκεῖτε
650 3689 699 3750 hic
720 3698 857 3770 ponatur.
892 3690 996 3752 InPh.
1008 3691 1081 3766 VH,
1108 3697 1147 3754 14
1163 3694 1289 3755 occurrit
1311 3693 1354 3756 od.
1367 3713 1459 3777 apem

201 3775 347 3858 dovetun,
366 3777 407 3840 V.
430 3782 458 3852 5,
483 3781 544 3839 145
567 3775 625 3839 iste
647 3777 681 3839 tn
704 3777 810 3840 omm’a
832 3776 935 3840 maria
958 3777 1087 3857 infestus
1101 3779 1288 3855 imminebat,
1308 3780 1390 3844 Cael.
1410 3788 1453 3846 69

202 3863 238 3924 in
257 3862 351 3925 r'starn
373 3864 539 3946 quadrare,
562 3863 678 3925 Cluent
703 3868 741 3924 71
770 3862 895 3926 Guttam
917 3865 1053 3946 aaperpr't
1076 3865 1185 3928 Bulba.

308 3949 422 4011 Cadere
443 3950 582 4012 <licuntur
602 3950 736 4011 homines
757 3950 791 4010 in
812 3950 869 4025 eis,
904 3971 981 4030 quae
1009 3972 1071 4013 non
1100 3952 1222 4015 consilio
1244 3974 1299 4015 nec
1327 3954 1458 4030 ratione,

201 4037 253 4098 sed
274 4045 384 4098 temere
405 4035 502 4099 faeere
522 4037 668 4110 videnum,
691 4044 726 4097 ut
746 4036 788 4098 V.
811 4040 846 4111 3,
871 4042 933 4100 178
958 4037 990 4097 in
1012 4038 1148 4100 fraudem
1169 4040 1324 4114 incidisse3
1351 4041 1387 4102 cf.
1411 4041 1458 4103 ib.

200 4129 229 4198 4,
246 4129 323 4197 1013
345 4122 406 4184 Pis.
432 4129 481 4187 70.
524 4123 610 4184 Ferri
630 4143 717 4202 porro
739 4124 855 4202 proprie
877 4144 913 4184 ea
935 4123 1080 4200 dicuntur,
1103 4146 1179 4205 quae
1191 4128 1308 4188 interna
1319 4127 1454 4206 quadam

198 4231 296 4272 rerum
326 4209 358 4274 vi
388 4218 417 4272 et
447 4218 523 4270 nutu
552 4230 605 4271 suo
631 4209 663 4269 in
694 4209 829 4270 tellurem
857 4209 1022 4290 rapiuntur.
1066 4213 1104 4273 In
1125 4213 1165 4275 V.
1190 4217 1300 4288 5,140
1324 4213 1452 4294 legitur:

199 4295 421 4360 consuetudine
442 4296 484 4358 ad
506 4314 638 4378 corpora
661 4294 775 4359 ciorum
796 4295 834 4357 R.
851 4296 1015 4377 ferebatur
1037 4317 1147 4361 manus
1161 4297 1232 4380 ipsa
1255 4298 1390 4373 le’ctore'83
1413 4301 1454 4362 cf.

201 4382 271 4446 Vat.
295 4387 349 4457 393
371 4381 475 4445 Plano.
499 4386 518 4445 6
527 4403 535 4455 3
558 4381 673 4444 Cluent.
699 4387 755 4455 123
781 4388 860 4457 1993
882 4384 942 4448 Pis.
968 4390 1026 4459 69;
1049 4385 1137 4448 Rosa.
1151 4386 1191 4449 A.
1217 4393 1266 4450 88.
1311 4386 1402 4464 Quod
1426 4387 1455 4448 si
