3136 5004
821 339 861 396 20

324 545 382 606 Sed
412 544 554 624 quoniam
576 565 614 604 ex
636 563 670 604 eo
692 563 811 622 genere,
841 561 900 623 quo
930 561 1037 604 causae
1058 541 1134 602 ratio
1155 560 1209 620 pro
1230 561 1262 616 re,
1284 539 1386 600 effecta
1408 539 1457 600 ad·

195 632 338 714 bibetur,
362 631 434 693 satis
455 629 552 691 multa
573 631 616 691 rei
636 629 831 690 illustrandae
853 650 944 690 causa
966 628 1104 708 exempla
1117 627 1251 688 attulisse
1261 626 1335 686 mihi
1349 625 1456 700 videor,

213 739 371 798 pergemus
401 717 461 778 iam
491 717 530 776 ad
560 737 611 790 ea,
645 737 721 795 quae
751 716 868 795 saepius
890 717 979 776 etiam
1003 734 1152 777 occurrere
1175 713 1314 787 arbitror,
1337 733 1404 772 cum
1424 713 1455 772 in

214 825 321 866 causae
342 803 441 865 locum
463 803 502 876 id,
525 803 606 881 quod
628 803 697 863 inde
718 802 881 882 profectum
900 811 952 876 est,
976 801 1124 863 successit.
1169 800 1241 860 Huc
1256 807 1370 878 spectat
1383 798 1457 858 illud

212 891 340 954 Homeri
374 893 431 970 (p,
468 891 540 969 173)
573 881 742 953 λεύκαινον
773 881 872 970 ὕδωρ·
909 888 1005 949 simile
1034 897 1079 949 est
1108 888 1193 948 Dem.
1220 886 1282 959 IX,
1314 889 1354 946 14
1384 876 1456 955 τούς

213 970 359 1060 λόγους
381 972 569 1060 derelictio,
599 975 697 1050 XIX,
728 980 768 1038 84
792 966 980 1059 ἀσφάλειαν
1002 971 1257 1056 τετειχισμένην,
1281 972 1342 1033 Oic.
1365 971 1405 1044 V,
1428 975 1457 1044 3,

215 1069 277 1128 183
307 1063 470 1124 scribarrun
490 1062 570 1140 fidei
587 1062 777 1144 pericula
799 1063 1033 1141 mopistrutuum
1056 1061 1300 1134 committuntur,
1332 1057 1391 1118 Pie.
1416 1062 1455 1120 29

215 1151 375 1232 triumphis
404 1150 598 1228 deuiuuerat,
628 1149 668 1211 V.
692 1153 727 1222 5,
758 1152 777 1210 3
810 1149 1028 1209 cicatrices
1051 1152 1208 1226 acceptus,
1238 1145 1295 1210 Ph.
1318 1144 1394 1218 XII,
1416 1148 1454 1204 21

213 1237 346 1318 spiritus,
361 1235 469 1297 Caecil.
486 1241 526 1298 33
542 1235 660 1314 audiet,·
682 1234 772 1296 etiam
795 1255 862 1296 cum
883 1234 923 1308 id,
944 1233 1085 1314 *quodex
1106 1232 1185 1292 facto
1207 1230 1307 1310 aliquo
1330 1230 1370 1290 ad
1392 1249 1459 1290 auc·

212 1331 306 1384 torem
328 1322 475 1383 redundat
496 1321 602 1401 ipsum,
624 1321 703 1382 facto
725 1321 877 1396 tribuitur,
898 1321 957 1382 huc
978 1319 1163 1381 referendum
1186 1338 1304 1390 censeo,
1326 1316 1358 1376 id
1380 1315 1458 1395 quod

214 1409 383 1488 saepissime
405 1408 520 1488 legitur,
542 1417 577 1468 ut
597 1407 706 1470 ancil.
732 1413 772 1471 30
788 1409 911 1488 furtum
932 1406 1105 1489 impudeas,
1127 1404 1193 1466 Mil.
1217 1409 1257 1467 85
1281 1404 1370 1484 (aras)
1393 1401 1460 1462 sub-

213 1497 416 1557 structionum
444 1495 563 1555 iusuuis
594 1494 722 1556 uectibus
756 1500 949 1576 oppresserat
971 1501 1026 1558 etc.
1055 1491 1190 1552 Maxime
1212 1510 1298 1570 porro
1321 1488 1381 1550 Cic.
1403 1488 1460 1549 hoc

212 1602 318 1662 genere
339 1581 456 1642 dicendi
478 1580 652 1642 delectatur:
674 1601 757 1660 prov.
780 1602 804 1642 e.
829 1586 869 1643 13
894 1586 921 1642 et
944 1580 999 1640 hus
1018 1578 1153 1661 duplices
1173 1583 1274 1658 pestes
1295 1577 1456 1651 sociorum,

213 1669 342 1730 militum
365 1668 477 1746 clades,
497 1666 735 1748 publicanorum
757 1669 874 1734 ruinas,
893 1667 1127 1748 prouinciarum
1149 1665 1314 1742 vastitates,
1338 1663 1460 1744 imperii

215 1755 353 1816 rriaculas
384 1753 545 1816 teneretis?
578 1753 633 1817 Ph.
657 1754 722 1828 XI,
755 1759 795 1816 10
824 1753 947 1832 uidetis,
978 1771 1054 1834 quos
1084 1749 1195 1812 babeat
1224 1748 1265 1810 A.
1317 1745 1459 1809 Primum

212 1839 342 1902 Lucium
358 1841 502 1920 fratrem.
551 1838 649 1920 Quum
667 1841 791 1919 facem
815 1840 896 1922 qaod
911 1841 1048 1920 jacimus,
1072 1837 1154 1919 quod
1176 1837 1291 1898 scelus!
1319 1834 1393 1896 Sest.
1417 1838 1458 1896 93

213 1931 298 2008 reip.
308 1928 502 2008 pueuesatc,
526 1927 565 1988 V.
579 1933 607 2001 5,
625 1933 687 1990 118
700 1927 841 2008 carnifex
848 1927 1014 2008 praetoris,
1028 1943 1111 1985 mors
1123 1930 1281 2004 terrorque
1297 1923 1458 1994 sociorum,

213 2035 295 2093 prov.
318 2035 341 2078 c.
367 2018 384 2073 2
407 2014 455 2074 rei
472 2033 504 2094 p.
520 2015 654 2093 suuero,
677 2014 716 2076 V.
743 2020 770 2089 5,
795 2014 1081 2076 resalutemus.
1120 2009 1290 2089 Singalaria
1311 2008 1460 2088 quaedam

212 2100 300 2161 huius
331 2100 412 2160 modi
435 2099 572 2179 exempla
599 2109 680 2161 sunt:
703 2100 758 2161 Ph.
780 2100 874 2174 XIV,
906 2097 987 2163 8L.
1011 2099 1181 2173 Auianius,
1211 2098 1328 2175 iusipue
1351 2087 1460 2156 'odium-

214 2188 348 2248 omuium
372 2187 527 2248 bominum
550 2186 617 2262 cel,
648 2188 675 2247 si
705 2188 797 2248 etiam
829 2187 861 2248 di
883 2187 1014 2248 aderaut
1042 2203 1118 2266 quos
1145 2188 1283 2265 oportet,
1315 2181 1462 2259 deorum,-

212 2273 261 2352 (cf.
284 2274 356 2334 Vat.
380 2274 440 2352 39),
454 2273 539 2337 ὃθεν.
565 2278 626 2336 116
651 2293 797 2335 acroama.

320 2359 480 2420 Latissime
502 2379 572 2421 vero
594 2379 661 2420 eum
683 2381 770 2421 usum
792 2368 893 2439 patere
916 2359 1056 2432 arbitror,
1078 2377 1137 2436 quo
1160 2356 1294 2416 accidens
1316 2375 1370 2434 pro
1392 2352 1462 2414 sub·

210 2447 323 2507 stantia
345 2445 479 2506 adhiberi
500 2445 626 2509 videtur.
671 2448 719 2508 Ac
740 2446 869 2526 primum
892 2446 1011 2525 quidem
1033 2444 1150 2523 signum
1171 2441 1221 2504 vel
1241 2450 1314 2503 nota
1335 2440 1463 2501 alieuius

211 2533 264 2594 rei
282 2533 368 2612 quasi
398 2532 532 2594 accidens
563 2532 684 2612 aliquod
712 2533 806 2612 accipi
835 2540 940 2612 potest.
991 2532 1094 2592 Etiam
1123 2529 1201 2608 signi
1228 2529 1343 2589 ratione
1371 2526 1462 2606 plura

211 2619 367 2699 complecti
387 2619 420 2678 in
442 2619 542 2680 auimo
564 2627 616 2694 est,
638 2641 729 2699 quam
751 2619 843 2698 vulgo
864 2619 926 2679 fieri
947 2617 1041 2680 video.
1086 2615 1343 2695 simplicissimum
1359 2621 1462 2674 autem

211 2707 299 2766 unius
326 2706 467 2785 cuiusque
496 2705 538 2766 rei
561 2706 679 2784 signum
708 2714 785 2766 certe
814 2713 859 2766 est
887 2704 1088 2765 nomen-eius.
1134 2703 1241 2781 Itaque
1262 2701 1310 2762 hic
1332 2720 1461 2761 camme·

210 2792 356 2852 meranda
384 2791 522 2854 videntur
543 2792 583 2855 V.
609 2798 647 2867 4,
679 2798 717 2854 12
748 2793 875 2853 uomica
905 2791 1005 2853 Verris
1035 2790 1246 2854 aestimatione
1277 2787 1462 2860 coucidisse;

211 2878 248 2939 cf.
271 2877 380 2942 Caecil.
406 2884 439 2952 8;
469 2879 556 2940 Rosa
579 2879 613 2943 C.
638 2885 673 2952 43
702 2879 762 2940 Pis.
787 2883 838 2943 24.
882 2878 1015 2940 Rarioris
1046 2885 1145 2938 autem
1166 2883 1261 2936 notae·
1277 2882 1347 2935 sunt
1367 2873 1461 2934 talia:

210 2965 286 3026 Hor.
315 2985 405 3026 carm.
430 2971 463 3038 1,
496 2971 526 3038 1,
558 2971 597 3029 29
622 2966 787 3028 doctarum
812 2965 943 3027 hederae
971 2965 1114 3046 praemia
1138 2962 1309 3042 frontium
1340 2980 1462 3039 exque

210 3052 301 3112 etiam
323 3050 409 3111 illum
431 3051 529 3112 locum
549 3056 577 3127 3,
602 3057 651 3127 21,
676 3059 716 3116 18
739 3052 797 3113 huc
818 3051 925 3112 referre
945 3051 1051 3114 velim:
1075 3049 1164 3112 addis
1188 3067 1305 3109 coruua
1323 3047 1462 3129 pauperi

209 3148 239 3199 et
263 3145 290 3212 3,
316 3143 371 3212 27,
403 3142 442 3200 63
476 3138 570 3200 barile
602 3158 730 3220 carpere
756 3157 887 3222 peusum
916 3146 946 3199 et
971 3144 1001 3212 1,
1026 3143 1058 3211 7,
1083 3142 1100 3197 7
1124 3135 1259 3217 audique
1283 3133 1462 3215 decerptam

202 3225 306 3305 fructi
324 3244 519 3306 praeponere
543 3225 664 3288 cliuum.
709 3226 760 3286 Ex
780 3225 882 3286 eodem
904 3245 1009 3304 genere
1031 3231 1076 3284 est
1090 3223 1151 3285 Cic.
1166 3222 1227 3285 Pis.
1246 3225 1295 3294 73,
1311 3219 1362 3281 ubi
1381 3237 1463 3298 quae
1549 3247 1550 3260 ν

210 3311 248 3372 sit
273 3311 349 3372 ratio
378 3331 481 3373 versus
512 3312 559 3371 sui
589 3312 698 3374 cedant
721 3330 811 3372 arma
841 3317 938 3391 topae·
951 3331 1018 3372 oum
1041 3309 1143 3388 aliqua
1164 3307 1298 3368 irrisione
1318 3307 1463 3367 Pisonem

209 3418 240 3458 se
262 3398 365 3458 docere
386 3397 484 3476 fingit:
519 3395 600 3477 Quid
621 3416 703 3460 auuc
726 3405 771 3476 te,
795 3399 891 3476 asiae,
915 3397 1062 3460 doceam?
1091 3415 1154 3458 aaa
1182 3413 1260 3476 opus
1283 3391 1462 3470 astoerbis,

209 3484 263 3547 sed
288 3483 433 3563 fustibus.
480 3481 553 3546 Noa
586 3485 653 3546 diui
681 3485 761 3546 huuc
791 3490 909 3564 tapam,
941 3503 1003 3567 qua
1026 3502 1092 3545 sum
1116 3483 1255 3559 amictus,
1288 3499 1345 3541 uec
1368 3497 1463 3538 orma

209 3576 327 3632 scutum
350 3575 404 3632 aut
424 3569 562 3650 pladium
584 3572 676 3634 uuius
698 3572 908 3654 imperatoris,
931 3570 995 3650 sed,
1019 3569 1092 3652 quia
1111 3568 1200 3650 pacis
1224 3573 1267 3630 est
1289 3566 1407 3645 iusipue
1432 3571 1464 3626 et

209 3658 263 3719 otii
286 3663 364 3737 topa,
379 3673 381 3678 ·
398 3663 505 3719 contra
538 3664 641 3720 autem
671 3678 760 3720 orma
784 3658 929 3720 tumultus
952 3662 1043 3738 utque
1067 3653 1151 3730 belli,
1174 3660 1344 3736 ,poetarum
1371 3669 1462 3712 more

208 3743 326 3810 locutus
348 3745 406 3805 leuc
427 3743 555 3824 iutellipi
575 3745 675 3826 colui,
709 3744 819 3807 bellum
847 3763 884 3806 ac
912 3742 1070 3806 tumultum
1090 3743 1164 3822 paci
1185 3747 1277 3823 atque
1301 3741 1361 3802 ctio
1385 3756 1463 3798 cou-

208 3849 382 3909 cessurum5
404 3830 441 3893 cf.
465 3831 560 3896 Marc.
588 3837 643 3905 14;
665 3832 707 3895 V.
731 3837 758 3906 1,
783 3837 822 3894 73
846 3827 957 3910 topati3
979 3829 1020 3894 id.
1043 3827 1109 3889 Cat.
1132 3829 1191 3902 HI,
1216 3833 1272 3900 23;
1296 3827 1372 3888 Sest.
1398 3829 1461 3897 523

207 3917 263 3977 Ph.
286 3917 327 3991 H,
352 3921 391 3978 13
401 3939 408 3989 ;
440 3921 496 3990 513
528 3917 548 3980 l.
573 3939 601 3980 a.
630 3919 679 3992 H,
710 3919 999 3995 911ιιιιιιιιιονιιιιι,Ι
1030 3935 1113 3996 prov.
1139 3936 1170 3988 e,
1191 3921 1232 3986 15
1259 3912 1463 3992 mastrucatis

208 4003 407 4081 lulruaculi35
429 4003 518 4065 Font.
543 4009 584 4068 33
608 4011 731 4080 sapatos
754 4005 972 4086 braccatosque
987 4003 1035 4081 (cf.
1052 4001 1179 4078 Quintil.
1198 4007 1224 4076 1,
1238 4006 1265 4074 5,
1280 4002 1325 4080 8);
1348 3999 1462 4077 Pomp.

156 4134 158 4136 -
209 4089 602 4170 resupinabantur,
633 4092 722 4154 Rosa.
744 4093 786 4152 A.
812 4097 851 4153 17
871 4091 1066 4172 pulmarum,
1093 4088 1132 4160 id.
1154 4088 1194 4150 ib.
1219 4092 1274 4159 84;
1300 4091 1377 4159 100;
1399 4084 1463 4146 Ph.

207 4176 231 4250 I,
256 4181 313 4249 36;
344 4176 384 4237 V.
408 4180 443 4250 5,
473 4181 513 4239 39
537 4178 644 4256 fasces
666 4197 703 4238 ac
726 4196 863 4251 secures,
893 4177 929 4238 cf.
951 4177 991 4238 ib.
1015 4182 1072 4248 373
1095 4196 1124 4255 p.
1146 4195 1169 4236 r.
1192 4195 1214 4235 s.
1239 4179 1272 4245 7;
1295 4173 1371 4233 dom.
1396 4175 1463 4244 24;

206 4263 267 4323 Pis.
291 4268 349 4334 28;
378 4262 483 4342 Pomp.
508 4268 562 4336 32;
594 4263 654 4325 Pis.
676 4269 715 4326 61
747 4265 902 4338 laureum,
932 4263 971 4325 id.
993 4262 1032 4324 ib.
1058 4267 1114 4334 743
1143 4260 1235 4321 Aroh.
1269 4264 1286 4321 5
1311 4262 1464 4340 praeterc-

207 4355 307 4428 tatus,·
333 4349 388 4410 Ph.
411 4349 461 4423 H,
486 4353 546 4412 103
570 4352 638 4432 quis
660 4349 817 4441 bustam
839 4351 925 4412 istius
948 4350 1129 4412 ceaditiouis
1152 4342 1396 4419 sterterent,
1422 4349 1463 4416 93
