3136 5004
364 1641 414 1732 [te
432 1650 616 1758 troporum
641 1651 676 1732 et
696 1641 892 1757 figurarum
917 1643 1052 1733 ratione
1077 1619 1250 1734 universa*

171 1913 175 1919 ,
281 1851 332 1912 Ad
354 1873 416 1913 rem
438 1852 535 1932 ipsam
551 1853 733 1932 aggredienti
753 1853 835 1926 mihi,
858 1852 912 1913 etsi
935 1872 995 1912 non
1009 1852 1045 1912 de
1059 1861 1209 1932 troporum
1224 1862 1253 1914 et
1263 1854 1425 1933 figurarum

170 1939 317 2022 'rmiversa
338 1939 453 2000 ratione
476 1939 616 2012 scribere,
644 1939 695 1998 sed
717 1938 866 2000 Ciceronis
896 1947 926 1999 et
948 1938 1036 2000 Dem.
1058 1959 1145 1999 usum
1168 1949 1197 2000 et
1219 1941 1425 2002 tractationem

169 2025 354 2105 perlustrare
375 2026 407 2084 in
430 2025 530 2085 animo
552 2034 611 2099 est,
634 2033 750 2099 tamen,
778 2033 813 2086 ut
841 2024 1003 2104 disputatio
1030 2025 1144 2086 ratione
1166 2034 1196 2086 et
1216 2027 1268 2086 via
1289 2029 1426 2107 progredi

173 2112 275 2192 possit,
299 2111 401 2191 aliqua
423 2111 459 2171 de
481 2113 547 2191 ipsa
568 2112 675 2172 harum
696 2132 794 2172 rerum
817 2111 952 2172 doctrina
965 2112 1183 2191 praemittenda
1200 2133 1263 2173 esse
1277 2114 1424 2176 videntur.

175 2197 251 2259 Cum
273 2198 364 2277 igitur
386 2198 481 2258 omnis
504 2199 627 2259 oratoris
650 2198 696 2260 ris
719 2219 755 2259 ac
768 2199 896 2259 facultas
912 2199 943 2257 in
957 2198 1087 2278 quinque
1100 2208 1199 2278 partes
1222 2199 1424 2274 distribuatur,

174 2293 209 2364 ut
230 2285 338 2346 debeat
358 2285 484 2364 reperire
505 2285 643 2365 primum,
666 2284 738 2364 quid
760 2285 847 2358 dicat,
870 2284 976 2345 deinde
996 2284 1120 2346 inventa
1134 2305 1194 2346 non
1208 2286 1304 2346 solum
1324 2287 1426 2347 ordine

174 2371 227 2431 sed
250 2371 340 2431 etiam
361 2380 512 2431 momento
534 2371 664 2450 quodam
694 2379 783 2450 atque
802 2371 911 2432 iudicio
939 2371 1110 2450 dispensare
1133 2380 1222 2451 atque
1244 2393 1425 2452 componere,

174 2465 238 2517 tum
261 2478 297 2518 ea
318 2457 426 2519 vestire
440 2465 529 2536 atque
543 2478 648 2517 ornare
663 2457 803 2531 oratione,
825 2466 894 2536 post
905 2457 1048 2518 memoria
1062 2458 1183 2536 saepire,
1207 2458 1246 2518 ad
1260 2468 1425 2520 extremum

175 2564 262 2622 agere
292 2564 360 2604 cum
387 2544 533 2623 dignitate
555 2565 591 2604 ao
613 2543 811 2621 venustaret),
845 2563 970 2622 cumque
1002 2543 1096 2622 ipsius
1119 2544 1260 2604 orationis
1283 2546 1345 2608 sive
1368 2545 1425 2606 elo-

172 2629 300 2710 cutionis
322 2630 425 2692 variae
446 2635 712 2691 commemorentur
733 2630 872 2712 virtutes,
903 2649 1030 2709 quarum
1052 2629 1130 2690 aliae
1152 2631 1334 2692 necessariae
1356 2641 1427 2692 sunt

171 2725 208 2776 ut
228 2716 431 2796 perspicuitas,
454 2716 532 2777 aliae
553 2726 618 2778 tum
640 2725 832 2778 assumuntur
853 2725 917 2777 tum
935 2717 1043 2778 desunt
1063 2724 1098 2776 ut
1119 2725 1259 2798 omatus,
1271 2718 1325 2778 etsi
1340 2718 1426 2778 nulla

172 2802 234 2870 ‚fere
255 2802 372 2864 dicendi
394 2824 464 2882 pars
486 2823 520 2864 eo
541 2803 631 2883 plane
654 2811 750 2864 caret:
780 2812 881 2864 tamen
909 2803 1001 2882 tropis
1024 2811 1055 2863 et
1074 2802 1176 2881 figuris
1206 2812 1328 2886 ornatus
1358 2804 1425 2864 illu-

173 2889 320 2973 strissima
349 2910 419 2968 pars
442 2890 616 2951 continetur.
666 2890 768 2969 Atque
801 2890 916 2951 dehoc
949 2889 1068 2969 quidem
1101 2889 1241 2951 orationis
1274 2891 1426 2952 ornandae

173 2993 279 3054 genere
301 2975 349 3038 vel
371 2976 469 3056 potius
491 2976 647 3056 generibus
669 2975 731 3037 iarn
752 2977 822 3036 inde
844 2997 864 3036 a
884 2975 1102 3055 Theophrasto,
1133 2977 1185 3056 qui
1211 2977 1324 3056 primus
1346 2978 1425 3038 hanc

172 3062 339 3123 doctrinam
362 3062 529 3123 accuratius
550 3071 721 3143 persecutus
740 3083 803 3123 csse
816 3063 931 3137 dicitur,
953 3063 1083 3142 plurima
1106 3063 1273 3142 aplurimis
1288 3073 1425 3142 etgram-

173 3149 290 3209 maticis
311 3157 341 3209 et
362 3148 528 3210 rhetoribus
544 3157 574 3209 et
585 3149 769 3229 philosophis
785 3150 895 3228 scripta
908 3158 938 3210 et
952 3149 1106 3229 disputata
1121 3159 1197 3222 sunt,
1213 3170 1309 3230 neque
1324 3159 1425 3211 tamen

171 3235 272 3296 adhuc
301 3256 347 3296 res
376 3235 416 3295 ad
444 3256 511 3297 earn
541 3236 684 3316 perducta
706 3245 751 3297 est
772 3236 937 3298 claritatem
967 3245 997 3297 et
1017 3235 1241 3315 perfectionem,
1273 3254 1363 3316 quam
1393 3237 1424 3295 in

171 3321 241 3406 valiis
272 3321 386 3383 artibus
416 3330 446 3382 et
472 3322 635 3402 disciplinis
666 3322 765 3402 eisque
794 3323 888 3383 multo
911 3322 1129 3408 obscurioribus
1150 3323 1305 3403 magisque
1326 3343 1424 3383 recon-

173 3408 242 3469 ditis
265 3409 446 3483 invenimus,
469 3408 560 3469 immo
582 3421 652 3470 vero
674 3409 706 3468 in
728 3409 812 3470 nullo
836 3409 907 3470 artis
929 3410 1085 3472 universae
1108 3429 1214 3488 genere
1236 3410 1331 3470 maior
1352 3408 1425 3468 mihi
1513 3420 1518 3428 '

172 3495 268 3556 inesse
282 3495 400 3556 videtur
411 3495 595 3575 perturbatio
610 3505 641 3556 et
653 3485 786 3556 confusio
799 3516 859 3556 non
874 3496 1074 3556 moderarum
1090 3497 1141 3556 sed
1156 3496 1245 3556 etiarn
1261 3495 1425 3556 nominum.

172 3581 265 3642 Citius
294 3582 337 3642 rei
359 3602 450 3643 causa
471 3602 532 3642 non
554 3603 592 3642 ex
613 3591 745 3645 veterum
773 3581 923 3642 rhetorum
945 3601 1025 3643 more
1044 3582 1124 3643 huno
1146 3581 1244 3642 locum
1267 3581 1425 3655 tractandi,

173 3676 207 3728 ut
228 3668 351 3748 quidam
372 3677 560 3748 putaverunt,
583 3669 751 3748 repetenda,
774 3669 825 3729 sed
846 3669 878 3727 in
892 3669 958 3748 ipsa
972 3669 1062 3730 totius
1077 3668 1165 3728 huius
1179 3667 1301 3728 rationis
1315 3675 1426 3727 natura

173 3762 203 3815 et
224 3755 395 3816 condicione
424 3755 521 3834 posita
549 3775 611 3816 esse
640 3755 714 3814 mihi
742 3756 867 3817 videtur.
911 3756 993 3815 Nam
1024 3763 1057 3815 ut
1085 3755 1190 3833 lingua
1220 3753 1359 3815 universa
1381 3754 1426 3814 ita

172 3841 272 3902 mollis
300 3850 345 3902 est
373 3849 402 3902 et
429 3841 584 3916 flexibilis,
616 3850 651 3902 ut
679 3850 819 3920 sequatur
846 3862 1021 3921 quocunque
1049 3850 1186 3920 torqueas
1209 3849 1239 3900 et
1261 3840 1426 3901 sententiae

169 3927 339 3994 formantur
359 3948 455 4007 paene
475 3927 731 3989 innumerabiliter
751 3949 847 4008 neque
868 3927 969 3988 omnia
990 3927 1022 3987 in
1044 3927 1101 3988 hoc
1123 3946 1229 4008 genere
1252 3928 1291 3987 ad
1313 3935 1423 3988 certam

172 4024 202 4075 et
223 4015 376 4075 definitam
398 4015 543 4075 rationem
565 4015 698 4077 revocari
719 4022 858 4094 possunt,
885 4014 929 4074 ita
950 4014 1040 4075 etiam
1062 4014 1136 4075 haec
1159 4013 1285 4075 ornandi
1306 4033 1425 4092 genera,

171 4101 345 4180 praesertim
367 4121 435 4161 cum
457 4101 489 4160 in
511 4101 552 4160 eis
575 4101 730 4161 arbitrium
753 4110 782 4162 et
803 4100 896 4160 libido
918 4100 1013 4160 multo
1032 4101 1128 4180 magis
1152 4122 1241 4180 quam
1258 4101 1289 4159 in
1303 4099 1424 4178 linguae

170 4187 287 4248 ratione
308 4186 439 4267 generali
462 4187 644 4261 dominetur,
666 4197 730 4248 tarn
752 4196 822 4247 sunt
844 4187 929 4249 varia
950 4196 1070 4267 tamque
1092 4187 1285 4268 multiplicia,
1308 4194 1423 4246 utnon

278 4394 297 4460 ⁰)
317 4395 372 4445 Cic.
392 4396 423 4445 de
442 4411 480 4446 or.
502 4399 523 4458 1,
545 4399 604 4443 142.
