3136 5004
774 407 788 460 7

156 632 299 691 premam,
323 611 373 671 sed
396 609 602 688 undecumque
626 608 755 687 aliquem
777 609 906 668 fructum
929 607 995 668 elici
1016 628 1102 687 posse
1124 607 1261 687 sperabo,
1283 607 1410 668 libenter

158 718 317 758 assumam.
350 697 388 756 In
411 717 469 775 quo
492 715 587 774 neque
598 695 780 771 Quintiliani
802 694 955 768 sententia,
979 715 1039 773 qua
1060 694 1150 754 etiam
1165 694 1290 773 propriis
1308 694 1407 755 verbis

157 793 257 863 tropos
288 783 391 844 confici
411 803 497 862 posse
519 781 697 855 arbitratur,
725 781 824 840 locum
847 781 956 841 habere
985 788 1092 860 potest,
1122 781 1203 859 quod
1230 780 1289 840 nisi
1316 780 1417 854 fieret„

159 891 245 930 omne
267 879 418 949 troporum
441 878 470 930 et
491 868 653 948 figurarum
676 867 833 928 discrimen
854 867 1013 940 tolleretur,
1037 888 1132 946 neque
1152 866 1210 939 illi,
1228 866 1279 945 qui
1289 867 1407 946 inopiae

156 957 205 1018 vel
235 956 417 1017 necessitatis
445 975 544 1016 causa.
568 954 701 1015 adhiberi
723 954 878 1027 dicuntur,
909 954 957 1014 hic
986 953 1162 1014 numerandi
1191 962 1261 1013 sunt
1290 953 1327 1014 ob
1350 954 1408 1014 hoc

156 1043 270 1122 ipsum,
300 1043 379 1121 quod
409 1063 469 1102 non
500 1050 621 1102 ornatus
648 1061 741 1101 causa
769 1049 958 1119 usurpantur.
1010 1040 1088 1101 Sunt
1118 1049 1217 1100 autem
1238 1049 1298 1100 tres
1320 1041 1406 1118 quasi

155 1130 251 1189 fontes
281 1130 377 1189 omnis
400 1128 531 1208 tropicae
553 1127 688 1188 dictionis
711 1127 908 1206 synecdoche,
932 1127 1121 1206 metonymia,
1144 1126 1325 1205 metaphora,
1348 1147 1409 1205 quo

157 1215 266 1287 omnia,
290 1236 366 1295 quae
389 1216 420 1274 in
442 1224 542 1294 tropos
565 1214 684 1288 cadunt,
707 1213 875 1275 revocanda
897 1233 960 1273 esse
972 1221 1053 1292 puto.
1086 1213 1134 1274 Ac
1144 1213 1272 1292 primum
1287 1213 1407 1291 quidem

599 1434 653 1524 [ie
686 1435 957 1553 synecdoche

156 1627 368 1708 disputandum
392 1635 444 1700 est,
468 1647 528 1705 qua
545 1627 667 1687 nomina
683 1648 784 1688 samm
798 1649 895 1690 rerum
908 1637 1122 1708 permutantur,
1144 1648 1270 1706 quarum
1284 1627 1406 1688 alterins

156 1737 223 1776 cum
253 1715 349 1775 altera
378 1713 454 1774 ratio
485 1713 588 1792 aliqua
616 1713 770 1775 intercedit
804 1725 837 1775 ut
870 1716 963 1795 partis
992 1735 1060 1775 cum
1097 1713 1219 1794 toto‘25).
1268 1714 1403 1775 Primum

157 1810 257 1862 autem
285 1800 365 1860 hunc
393 1807 513 1879 tropum
536 1800 643 1861 idcirco
666 1801 763 1880 posui,
794 1801 873 1881 quod
903 1822 1051 1881 nusquam
1076 1809 1163 1861 tanta
1187 1801 1263 1861 inter
1285 1809 1403 1881 tropum

156 1896 186 1948 et
212 1908 274 1948 rem
296 1908 349 1967 per
370 1895 488 1965 tropum
515 1885 625 1947 elatam
654 1888 792 1966 cognatio
814 1888 863 1950 vel
893 1889 1077 1949 necessitudo
1104 1887 1255 1967 reperitur.
1299 1887 1403 1948 Etiam

154 1974 243 2034 huius
276 1973 393 2034 dicendi
418 1972 531 2032 formae
552 1972 710 2054 Gerber²⁰)
738 1983 815 2035 recte
843 1984 944 2036 monet
966 1995 1052 2035 usum
1074 1975 1107 2033 in
1128 1973 1232 2053 lingua
1253 1974 1405 2054 gignenda

156 2070 185 2122 et
206 2060 369 2121 excolenda
391 2059 534 2120 latissime
556 2069 665 2139 patere,
688 2060 767 2140 quod
790 2082 858 2122 cum
881 2057 947 2121 aliis
965 2061 1107 2140 exemplis
1124 2061 1315 2140 persequitur,
1338 2069 1409 2121 tum-

155 2169 193 2208 ex
215 2147 327 2209 Latina
348 2145 452 2225 lingua
474 2166 582 2206 nomen
605 2147 747 2226 serpentis
771 2147 863 2208 dffert.
907 2146 1133 2227 Quintiliani²³)
1158 2147 1304 2209 sententia
1326 2147 1402 2210 haec

58 2283 60 2288 .
155 2229 282 2295 uariare
304 2251 475 2295 sermonem
495 2239 601 2314 potest,
624 2243 658 2296 ut
681 2254 720 2296 eu
742 2254 804 2296 ano
823 2234 925 2317 pluris
947 2235 1161 2314 intettiqamus,
1181 2239 1274 2316 parte
1297 2240 1401 2308 tatum,

156 2322 256 2419 specie
277 2338 383 2400 penus,
404 2319 659 2400 praecedentibus
674 2321 842 2404 sequentia,
865 2320 913 2382 ret
928 2323 1032 2382 omm'u
1047 2323 1121 2382 haec
1138 2326 1255 2397 contra,
1277 2320 1404 2384 liberior

154 2407 254 2489 poetis
275 2425 367 2488 quam
390 2405 572 2468 aratoribus
594 2426 669 2468 nam
689 2427 728 2488 pr
729 2426 794 2486 oso,
817 2413 851 2468 ut
864 2427 1041 2470 nrueronem
1053 2427 1113 2489 pro
1127 2406 1231 2486 plodio
1249 2372 1277 2469 'et
1293 2413 1403 2470 tectam

152 2513 212 2576 pro
236 2493 326 2555 domo
348 2492 481 2575 recipiet,
504 2494 549 2554 itu
571 2512 634 2554 non
653 2513 789 2575 puppem
807 2513 868 2576 pro
889 2495 963 2555 nani
985 2513 1042 2554 nec
1058 2493 1186 2555 abietem
1197 2513 1258 2575 pro
1274 2493 1400 2568 tabellis

157 2586 185 2642 et
220 2599 343 2654 rursm,
378 2585 411 2640 ut
438 2599 498 2662 pro
525 2579 631 2658 plodio
653 2581 787 2660 ferrum,
818 2582 864 2642 ita
884 2599 949 2641 non
974 2599 1034 2662 pro
1063 2575 1139 2662 equa
1169 2580 1398 2662 quadripedem.

155 2668 186 2728 A
207 2666 318 2728 Comif.
340 2666 401 2727 inte
401 2665 509 2740 lt'lect,10
533 2666 571 2726 ab
584 2665 743 2745 Albinam)
765 2667 980 2767 synecdochica
993 2667 1150 2728 translatio
1162 2667 1277 2728 dicrtur
1310 2667 1401 2726 Diffi-

156 2753 293 2814 cilist
249 2765 293 2814 est
323 2753 385 2813 eius
413 2773 431 2812 a
457 2754 639 2832 metonymia
668 2754 828 2827 distantia
863 2775 934 2814 nam
964 2763 999 2814 ut
1027 2753 1088 2813 iam
1116 2753 1192 2813 illud
1217 2753 1400 2830 Quintiliani

150 2839 407 2923 praecedentibus
419 2839 620 2922 sequentiae)
633 2839 715 2900 haud
734 2841 793 2901 scio
807 2861 847 2901 an
860 2840 965 2901 melius
978 2840 1177 2920 metonymice
1192 2839 1399 2920 subiungatur,

154 2925 325 3006 quodtalis
346 2926 525 3026 permutatio
547 2936 613 2987 tum
633 2927 693 2986 fere
710 2927 752 3002 tit,
775 2949 843 2988 cum
857 2927 1036 3027 praecedens
1048 2926 1150 3006 ahqua
1164 2935 1298 3025 exparte
1309 2948 1402 2988 causa

154 3023 199 3074 est
220 3013 384 3093 sequentis,
415 3013 459 3073 ita
465 3005 729 3111 Anonymi³⁰)'
709 3008 778 3078 aad
807 3015 866 3076 τοῦ
898 3006 1061 3092 ουοβόλοο
1084 3010 1120 3078 ιο
1144 3007 1256 3096 κύοιον
1279 3022 1308 3074 et
1331 3006 1399 3078 eiad

153 3099 248 3164 τοῦ
240 3097 449 3182 περιέχοντος
478 3093 516 3163 τό
546 3103 776 3200 aepreyapefar
805 3108 834 3160 et
864 3100 925 3160 alia
952 3100 985 3161 id
1010 3121 1103 3180 genus
1131 3108 1208 3161 certe
1236 3099 1281 3159 illi
1304 3100 1400 3163 vindi-

154 3187 252 3247 canda
273 3194 367 3246 erunt.
411 3185 514 3246 Etiam
537 3207 604 3246 cum
627 3187 752 3247 materia
773 3207 826 3266 pro
849 3207 880 3247 re
902 3208 940 3247 ex
962 3208 998 3248 ea
1019 3187 1080 3248 fact
1068 3196 1101 3248 ta
1121 3187 1256 3266 ponitur,
1283 3195 1328 3248 est
1349 3207 1402 3248 cur

154 3274 233 3334 hanc
261 3273 388 3333 formam
419 3281 478 3333 met
479 3272 617 3352 onymiae
643 3273 795 3347 subiicias,
819 3273 890 3352 quia
912 3273 999 3348 haec,
1022 3294 1205 3353 quamquam
1227 3273 1401 3334 nonhabet

152 3360 215 3420 vim
243 3359 400 3433 efficiendi,
434 3368 548 3433 tamen,
581 3360 660 3438 quod
691 3380 737 3420 res
767 3361 831 3420 sine
853 3380 889 3420 ea
911 3360 987 3421 effici
1009 3381 1069 3421 non
1096 3369 1208 3439 potest,
1238 3360 1340 3439 aliqua
1362 3380 1400 3419 ex

153 3455 239 3526 parte
260 3446 293 3505 in
314 3446 429 3506 ratione
451 3466 558 3506 causae
580 3454 723 3507 versatur.
768 3447 864 3526 Saepe
886 3467 990 3509 revera
1012 3447 1164 3526 utriusque
1186 3447 1263 3526 tropi
1280 3446 1398 3506 ratioin

153 3553 213 3594 uno
236 3532 396 3612 codemque
418 3532 647 3612 deprehenditur
668 3532 812 3613 exemplo,
834 3542 869 3593 ut
891 3554 958 3594 cum
984 3534 1066 3594 dicas
1086 3533 1253 3612 Scipionem
1276 3531 1400 3592 Cartha·

152 3620 252 3698 ginem
275 3619 427 3694 delevisse,
448 3640 509 3681 vox
531 3619 678 3699 Scipionis
700 3640 762 3680 una
783 3640 821 3680 ex
840 3628 925 3699 parte
946 3620 978 3679 in
993 3619 1197 3700 synecdochen
1205 3618 1298 3692 'cadit
1321 3618 1400 3697 quod

153 3705 253 3785 Scipio
280 3726 350 3785 pars
373 3715 437 3766 erat
459 3706 612 3780 exercitus,
636 3727 674 3768 ex
696 3705 791 3767 altera
811 3715 911 3786 parte,
934 3707 1014 3785 quod
1035 3705 1181 3786 Scipionis
1204 3713 1234 3765 et
1255 3705 1400 3766 exercitus

153 3792 258 3853 eadem
279 3793 339 3853 fere
360 3793 437 3853 ratio
459 3801 536 3866 erat,
564 3814 642 3872 quae
668 3802 713 3854 est
738 3793 927 3854 instrumenti
949 3792 1075 3866 eteius,
1098 3791 1150 3871 qui
1171 3791 1400 3852 instrumentum

152 3887 277 3953 tractat,
303 3879 393 3940 etiam
423 3879 485 3940 eius
508 3879 706 3959 metonymiae
727 3880 875 3960 particeps
898 3887 956 3953 est,
988 3898 1065 3958 quae
1086 3878 1225 3953 efficitur,
1253 3877 1279 3938 si
1310 3899 1401 3939 causa

151 3965 325 4046 principalis
355 3985 409 4044 pro
438 3965 613 4026 secundaria
640 3967 768 4046 ponitur.
813 3965 919 4045 Neque
948 3985 1035 4044 porro
1064 3965 1096 4025 in
1119 3964 1302 4045 synecdoche
1322 3973 1401 4026 recte

238 4129 290 4206 ⁶²⁵)
309 4139 417 4203 Kleutg.
441 4141 481 4188 52.
529 4137 561 4206 ²⁸)
584 4139 636 4189 vol.
662 4140 684 4190 I.
708 4141 768 4190 363.
815 4137 846 4204 ²³)
869 4141 899 4202 8,
925 4141 954 4202 6,
976 4141 1014 4188 19.
1061 4137 1093 4204 ²⁶)
1119 4137 1216 4190 Cornif.
1237 4145 1264 4204 4,
1284 4142 1329 4198 33,
1350 4143 1399 4202 44;

152 4209 242 4260 Halm.
250 4212 313 4273 5453
331 4218 465 4275 praeterea
479 4207 662 4274 copiosissime
680 4215 810 4258 tractatur
829 4207 933 4258 aGerb.
945 4209 991 4272 11„
1003 4211 1035 4257 34
1054 4223 1110 4272 sqq.
1130 4210 1204 4257 Voss.
1220 4209 1265 4258 IV.
1277 4210 1325 4258 135
1344 4223 1401 4271 sqq.

153 4281 242 4330 Gross.
262 4283 295 4329 43
314 4295 370 4343 sqq.
399 4279 432 4329 ef.
451 4278 549 4343 Tryph.
569 4293 609 4342 ap.
630 4279 725 4344 Speng.
745 4279 793 4328 111.
815 4279 864 4328 195
883 4293 921 4341 sq.
951 4277 1212 4341 Cocond1·.ib.236,
1241 4278 1320 4342 Greg.
1339 4277 1399 4328 Cor.

152 4352 212 4411 219,
237 4349 333 4414 Georg.
353 4348 446 4398 Choer.
467 4349 525 4410 248,
554 4347 625 4396 Beda
643 4363 683 4413 ap.
703 4348 736 4397 Η.
757 4351 816 4411 613,
844 4349 921 4398 Mart.
932 4346 995 4412 Cap.
1012 4347 1048 4397 ib.
1065 4353 1124 4412 474,
1153 4346 1256 4397 Charis.
1276 4346 1399 4413 ap.Keil.

150 4420 172 4470 I.
193 4423 251 4469 274.
289 4417 320 4486 ²⁹}
339 4416 460 4482 exemplo
479 4425 518 4467 est
536 4417 613 4466 Hom.
634 4418 665 4481 A,
685 4419 699 4466 3
719 4423 745 4467 st
763 4414 786 4480 l,
806 4419 864 4466 245.
901 4417 933 4482 ³⁰)
951 4433 993 4482 ap.
1012 4417 1106 4483 Speng.
1127 4417 1174 4467 Ill.
1195 4420 1254 4467 210.
