3136 5004
844 353 885 410 60

241 564 282 622 25
296 559 411 620 crimen
430 561 483 618 aul
500 555 637 628 obiice,
660 554 712 617 ubi
727 554 796 617 licet
811 574 913 633 apere,
937 563 990 616 aul
1003 557 1143 620 iacere
1165 558 1247 635 nali,
1269 561 1318 620 cui
1331 565 1486 641 respondet

240 646 280 712 ib.
306 651 361 707 17:
381 649 481 726 polest
501 643 557 704 boc
580 642 696 704 bomini
717 642 787 702 buia
809 641 937 702 haerere
955 649 1136 723 06660700,Ι
1165 653 1196 705 et
1215 645 1322 707 Plane.
1346 653 1389 710 30
1411 651 1487 711 iacis

240 732 404 808 adulteria,
426 729 491 794 har.
514 749 538 794 r.
564 733 604 791 39
628 729 755 789 deorum
778 727 839 789 tela
860 729 894 788 70
915 729 1080 809 impiorum
1101 730 1251 792 mentibus
1272 733 1427 814 fpnntum
1450 738 1486 802 cf.

239 819 278 883 ib.
303 823 331 892 2,
355 823 416 888 47;
442 816 503 878 Pis.
527 819 585 887 43;
614 813 671 874 Ph.
692 815 791 888 XIII,
823 819 878 887 19;
909 815 1029 890 Quina.
1053 821 1109 888 52;
1139 817 1213 882 Sest.
1237 823 1294 891 403
1324 821 1406 885 Mur.
1431 828 1486 896 73;

237 905 354 968 Cluent.
381 908 436 976 503
459 901 524 964 Cet
546 901 602 974 IV,
627 905 683 973 143
706 900 781 965 Sull.
807 905 847 963 23
856 922 864 973 ;
886 900 987 964 Fleuo.
1012 907 1048 974 63
1073 907 1123 968 35.
1168 904 1302 983 Longius
1317 906 1393 968 haec
1413 911 1487 970 ratio

238 992 357 1052 ducitur
378 991 409 1049 in
432 988 559 1049 talibus:
581 987 702 1063 Quinct.
728 986 819 1049 8170
831 987 880 1064 fit,
902 994 936 1048 ul
959 1007 1022 1068 epo,
1045 990 1097 1070 qui
1119 989 1180 1050 tela
1202 991 1354 1073 depellere
1378 1001 1407 1056 el
1424 995 1488 1058 uul-

236 1077 362 1139 neribus
383 1076 500 1138 mederi
522 1073 666 1151 debeam,
699 1078 762 1134 lum
783 1073 817 1134 id
831 1074 942 1152 facere
965 1094 1073 1154 caper,
1104 1095 1173 1136 cum
1202 1079 1296 1138 etiam
1318 1081 1411 1140 telum
1433 1083 1489 1144 ad-

237 1165 393 1224 uersarius
415 1162 531 1224 nullum
553 1161 667 1233 iecerit,
685 1159 750 1220 illis
773 1166 875 1221 aulem
897 1161 931 1222 id
953 1166 1068 1243 tempus
1084 1163 1397 1244 impupnandidetur,
1421 1188 1488 1230 cum

238 1256 267 1311 el
288 1250 406 1312 uitandi
434 1247 558 1310 illorum
587 1248 717 1329 impetus
735 1252 874 1328 poteslas
899 1247 1042 1328 adempta
1064 1247 1152 1310 nobis
1174 1251 1232 1310 erit
1255 1258 1299 1328 et,
1323 1254 1350 1313 si
1372 1273 1435 1334 qua
1457 1257 1488 1315 in

236 1356 270 1399 re
287 1333 408 1417 falsum
431 1337 546 1396 crimen
569 1334 658 1415 quasi
679 1338 861 1394 venenatum
884 1333 1010 1416 aliquod
1032 1333 1124 1396 telum
1145 1336 1288 1416 iecerint,
1316 1341 1488 1402 medicinae

234 1424 399 1497 faciendae
422 1420 506 1483 loeus
528 1439 591 1480 non
615 1419 691 1498 eril,·
715 1419 787 1480 Vct
812 1424 852 1481 13
874 1439 944 1481 mea
967 1419 1027 1482 tela
1049 1423 1092 1482 sic
1113 1423 1147 1481 70
1170 1429 1198 1484 76
1221 1425 1433 1500 coniicientur,
1457 1435 1489 1489 ut

235 1529 325 1571 nemo
345 1528 404 1590 per
427 1514 511 1569 tuum
535 1506 615 1567 lalus
638 1507 813 1568 saucietur:
835 1507 868 1566 in
884 1507 944 1568 tuis
953 1506 1147 1588 pulmonibus
1163 1508 1330 1572 baerebunt
1345 1512 1394 1591 (cf.
1404 1513 1486 1579 aaa.

237 1598 304 1675 20);
337 1595 459 1672 Quinct.
484 1598 524 1655 47
556 1593 658 1653 minae
687 1592 856 1666 iactentur,
882 1593 1025 1674 pericula
1053 1595 1251 1657 intendantur
1272 1605 1326 1661 ete.
1351 1598 1390 1662 ef.
1415 1600 1488 1662 Sest.

237 1689 276 1745 15
300 1691 355 1745 ete.
390 1682 428 1741 In
450 1681 527 1745 Sest.
541 1683 602 1741 133
626 1678 806 1743 habetote:
829 1698 927 1760 neque
949 1685 1065 1760 pulaei,
1089 1699 1157 1742 cum
1181 1683 1319 1746 omnibus
1338 1687 1488 1748 machinis
1547 1757 1548 1760 Ἴ

235 1787 273 1830 06
295 1769 452 1831 tormentis
476 1784 680 1848 appupnarer,
704 1765 741 1826 de
763 1785 826 1826 une
849 1766 1010 1845 sapiltaria
1032 1786 1080 1828 me
1103 1769 1191 1849 queri
1213 1772 1386 1837 conuenire.

344 1899 394 1958 Ex
416 1895 575 1976 generibus
598 1915 686 1974 porro
705 1894 884 1956 vulnerandi
905 1894 979 1956 haec
1001 1894 1209 1970 inveniuntur;
1235 1898 1299 1959 har.
1322 1920 1346 1960 r.
1372 1906 1393 1963 8
1417 1921 1486 1962 600-

227 1987 331 2064 fisum
359 1985 457 2045 senati
488 1980 632 2043 consultis
655 1980 702 2059 (cf.
724 1980 780 2042 Ph.
802 1981 877 2055 XII,
903 1981 973 2065 18),
1002 1982 1056 2043 Ph.
1078 1983 1161 2058 XII,
1194 1990 1231 2046 11
1257 1985 1380 2047 iudiciis
1402 1987 1485 2065 7000-

234 2072 397 2154 miniisque
429 2069 567 2132 concisus
589 2066 636 2146 (ef.
658 2067 698 2130 ib.
723 2068 770 2140 V,
795 2070 863 2147 28),
892 2068 971 2129 Mur.
995 2074 1036 2131 50
1065 2069 1254 2150 inteprarum
1276 2071 1325 2147 (cf.
1349 2073 1444 2139 Arch.
1469 2080 1484 2138 9

234 2158 408 2236 incolumis)
427 2155 589 2238 promissis
609 2155 731 2214 saucias
754 2154 879 2216 credere
900 2174 964 2217 000
985 2162 1134 2237 oportere,
1156 2157 1224 2222 Dei.
1251 2164 1289 2219 17
1313 2162 1486 2242 suspiciam

229 2262 396 2329 percussus
420 2241 469 2319 (ef.
493 2241 576 2306 Mur.
600 2244 658 2313 49;
687 2239 728 2305 V.
752 2244 785 2314 4,
810 2243 877 2320 75),
908 2241 990 2303 Cael.
1015 2248 1056 2304 42
1088 2262 1127 2304 00
1149 2244 1284 2322 faenore
1308 2248 1485 2324 trucidetur,

233 2353 265 2413 p,
288 2352 311 2392 r.
336 2352 359 2391 s.
384 2334 422 2390 17
456 2327 612 2389 consulari
642 2327 704 2388 ictu
725 2327 923 2390 caecidissem
946 2328 977 2406 tl.
1002 2349 1029 2391 a.
1051 2329 1093 2403 H,
1117 2331 1162 2410 8),
1188 2352 1216 2410 p.
1239 2352 1262 2394 r.
1286 2353 1315 2411 p.
1342 2338 1381 2396 15
1416 2353 1485 2396 eon-

234 2421 346 2490 fectum
369 2413 580 2479 consularibus
600 2413 783 2488 vulneribus,
805 2414 845 2477 V.
861 2419 888 2488 2,
914 2420 973 2477 177
999 2417 1134 2477 oninium
1147 2416 1205 2478 tela
1219 2420 1486 2498 accipietneeesse

234 2512 288 2585 esl,
312 2503 388 2566 suli.
413 2506 452 2564 73
477 2502 595 2584 accepit
618 2500 728 2561 uulnus
750 2502 943 2580 mortiferum
966 2502 1015 2581 (ef.
1031 2502 1099 2566 Mil.
1124 2508 1180 2576 99;
1204 2503 1271 2567 Cat.
1283 2505 1308 2578 I,
1322 2510 1355 2578 9;
1378 2507 1484 2589 Pomp.

233 2598 289 2665 663
319 2590 399 2654 Phil.
422 2589 504 2662 XII,
538 2590 583 2665 1),
604 2587 660 2648 Ph.
682 2587 731 2661 H,
761 2592 800 2650 52
825 2587 879 2648 libi
900 2588 1010 2650 uulnus
1029 2588 1176 2668 inflictum
1199 2597 1256 2664 est;
1279 2591 1315 2654 cf.
1338 2592 1402 2658 Pis,
1428 2600 1485 2668 63;

232 2679 310 2740 dom.
336 2681 392 2749 643
423 2680 480 2746 76;
511 2673 711 2754 splendidiora
740 2682 827 2734 sant:
857 2673 921 2734 hur.
950 2696 973 2737 r.
999 2680 1016 2736 2
1046 2682 1148 2757 polesl
1175 2677 1370 2756 pravioribus
1394 2701 1415 2741 a
1438 2702 1485 2744 me

230 2765 331 2827 uerbis
353 2761 511 2824 uulnerari
533 2780 625 2842 quam
647 2766 690 2822 est
713 2780 733 2821 a
756 2757 793 2819 P.
814 2757 943 2822 Seruilio
974 2763 1129 2840 confectus
1159 2783 1196 2824 ac
1225 2765 1419 2828 trucidatus?
1447 2805 1482 2813 -

231 2870 294 2912 000
317 2849 436 2927 dubita,
465 2848 538 2929 quin
562 2866 599 2908 ea
628 2847 705 2922 tela,
734 2865 813 2928 quae
841 2848 1005 2910 coniecerit
1033 2850 1192 2923 inimicus,
1222 2871 1315 2932 quam
1342 2872 1380 2913 ea
1404 2874 1485 2937 quae

232 2937 349 3016 collepa
367 2935 469 3017 patris
493 2934 602 3009 emisit,
627 2933 743 2995 leuiora
766 2938 856 3015 alque
876 2933 1031 2997 hebetiora
1054 2955 1118 2998 esse
1140 2937 1305 3000 uideantur
1312 2961 1324 3018 ,·
1346 2938 1427 3002 dom.
1444 2947 1485 3005 63

230 3026 376 3105 impetum
406 3020 631 3084 discordiarum
660 3023 766 3102 eueepi
796 3039 865 3082 mea
895 3040 1032 3103 corpore.
1077 3021 1114 3082 ln
1143 3041 1190 3084 me
1217 3043 1279 3087 una
1303 3027 1487 3090 consulares

223 3112 314 3192 faces
336 3109 430 3169 -iu
451 3126 499 3168 me
524 3107 641 3180 007070,
675 3125 753 3188 quae
784 3107 988 3182 rettuderam,
1018 3109 1239 3171 coniurationis
1268 3113 1394 3191 nefaria
1423 3116 1487 3177 tela

231 3196 446 3259 adhaeserunt.

338 3325 492 3386 Postremo
515 3343 550 3383 ee
572 3342 682 3401 ponem
705 3322 849 3403 exempla,
873 3324 905 3384 in
927 3324 1035 3404 quibus
1056 3325 1213 3386 translatio
1226 3327 1322 3389 mixte
1335 3350 1374 3390 ex
1389 3334 1484 3394 variis

230 3413 318 3474 huius
342 3433 369 3491 g.
391 3410 493 3471 formis
515 3408 633 3488 longius
657 3408 818 3470 deducitur.
863 3411 965 3490 Atque
986 3411 1018 3471 in
1040 3412 1080 3474 V.
1104 3416 1131 3486 3,
1155 3417 1196 3474 40
1219 3413 1384 3477 invenitur:
1409 3421 1484 3480 ain-

230 3519 309 3579 cam,
332 3501 358 3560 si
377 3498 467 3580 prius
489 3495 565 3557 illud
582 3496 861 3578 prapupnaeulum
885 3517 945 3579 quo
969 3504 1076 3560 eontra
1092 3517 1196 3560 ornnes
1206 3500 1337 3582 impetus
1349 3523 1484 3567 usurum

229 3607 261 3649 se
292 3592 395 3666 putat,
427 3604 466 3645 en
496 3582 671 3661 defensioue
700 3583 855 3656 deiecera;
879 3584 970 3645 eiusd.
993 3606 1022 3664 g.
1046 3605 1109 3646 esse
1130 3585 1247 3647 videtin
1268 3588 1483 3652 Demosthenis
1545 3607 1546 3616 ²

228 3673 337 3746 XLV,
367 3676 408 3735 69
435 3661 616 3752 πρόβλημα
643 3669 701 3734 roei
722 3661 849 3756 τρόπου
870 3663 908 3734 rb
936 3672 1046 3755 σχῆμα
1077 3671 1125 3750 (cf.
1148 3672 1238 3733 etiam
1260 3673 1321 3737 Cio.
1345 3676 1407 3740 Pis.
1432 3680 1483 3758 9);

228 3759 346 3822 Caecin.
372 3762 412 3821 82
435 3777 499 3836 sqq.
522 3754 587 3817 Aul
610 3761 676 3831 lua,
700 3775 789 3838 quem
812 3755 999 3819 admodum
1026 3757 1147 3836 dicitur,
1167 3758 1272 3838 plodio
1295 3768 1350 3824 007
1371 3773 1483 3828 nostro

229 3847 365 3925 defensio
390 3850 443 3905 tua
465 3842 645 3921 conficiatur
666 3861 788 3904 necesse
812 3848 864 3908 esl.
911 3841 946 3906 Si
969 3844 1011 3906 ad
1032 3845 1186 3908 interdicti
1207 3849 1389 3910 sententiam
1406 3869 1483 3914 600-

221 3933 309 4015 fupis
332 3967 373 3976 -
395 3949 493 4011 neque
524 3930 707 4012 aequitatem
735 3931 782 3990 rei
811 3929 896 3991 uerbi
924 3931 1033 4013 laqueo
1056 3933 1239 4014 capipulos
1261 3941 1421 4016 opertere,
1447 3941 1484 4000 70

227 4020 304 4082 meis
326 4017 434 4078 castris
451 4017 677 4099 praesidiisque
699 4017 853 4078 versaris:
875 4035 945 4078 mea
968 4022 1010 4081 est
1028 4019 1088 4080 iste
1102 4018 1238 4098 defensio
1251 4056 1302 4083 —.
1328 4019 1384 4084 Sin
1397 4025 1484 4086 bunc

228 4109 329 4170 locum
343 4104 431 4182 fupis
453 4109 482 4163 et
504 4122 552 4164 me
576 4121 615 4164 eu
638 4103 710 4180 boc,
733 4108 767 4165 ut
787 4103 832 4164 ita
855 4102 974 4180 dicam,
1002 4122 1111 4186 campe
1142 4108 1304 4187 aequitatis
1331 4109 1373 4172 ad
1402 4113 1484 4174 istas

226 4193 390 4258 uerborum
420 4190 577 4268 annuntias
606 4194 634 4250 el
663 4189 705 4251 ad
736 4208 840 4252 omnes
867 4189 1039 4252 litterarum
1061 4189 1189 4271 ampulas
1210 4212 1352 4275 revocas,
1382 4198 1418 4259 70
1441 4201 1485 4261 iis

226 4282 301 4364 ipsis
322 4274 526 4339 intercludere
546 4275 674 4349 insidiis,
705 4295 781 4357 quas
809 4275 884 4337 milei
905 4279 1028 4338 conaris
1051 4297 1213 4360 opponere.
1258 4279 1345 4343 »Non
1368 4284 1484 4352 deieci.

227 4368 281 4431 sed
309 4363 425 4427 reieci«.
468 4358 657 4425 Peraculum
687 4361 744 4424 leae
770 4362 823 4424 tibi
845 4363 983 4444 uidetur;
1014 4364 1061 4426 liic
1091 4371 1135 4426 est
1155 4384 1262 4428 mucro
1288 4355 1485 4449 defensionis

1302 4737 1479 4948 ,N
