3138 5004
704 393 744 450 79

618 475 824 486 ...—

92 595 280 677 species5et
250 593 339 656 et.G
361 594 608 677 Hermannus3):
635 595 768 657 Tantum
790 594 889 672 abest,
912 600 946 658 ut
968 594 1017 655 tic
1039 593 1133 670 locus,
1155 595 1349 676 quantamvis

97 699 222 764 operae
233 680 267 742 in
282 699 317 744 ea
333 683 576 764 consumpserint
590 687 707 746 celeres
720 682 832 762 mapist
832 683 869 760 ri,
893 682 968 743 setis
977 685 1187 762 pertractatas
1198 679 1348 757 ridentur,

94 775 130 831 nt
152 787 191 829 ne
213 766 292 835 illud
313 767 444 848 quictem,
477 769 551 852 quiet
573 770 697 831 omnino
719 769 759 830 sit
773 768 840 848 λς,
861 768 955 850 plone
977 766 1144 830 habeamus
1166 767 1347 868 expositam.

96 855 199 934 Atque
231 853 359 931 Quintil.
369 853 395 932 4)
429 854 574 954 figuram·
588 854 691 916 definit
723 855 986 916 confonnationem
1022 853 1175 934 quandam
1208 851 1348 914 orationis
1377 877 1379 880 ¹

94 950 241 1002 remotam
264 961 283 1000 a
304 941 455 1002 communi
479 949 509 1002 et
530 941 659 1021 primum
681 961 713 1002 se
735 941 872 1002 offerente
892 941 1016 1002 ratione
1059 939 1229 1002 Hermanni
1250 947 1349 1000 autem

95 1028 116 1092 l.
141 1047 165 1088 c
197 1027 271 1088 haec
301 1036 346 1088 est
372 1027 435 1088 eius
467 1027 637 1107 descriptio:
662 1027 803 1108 figuram
833 1046 990 1092 censemus
1017 1046 1085 1088 eom
1114 1045 1178 1088 esse
1208 1026 1349 1088 dictionis

95 1115 267 1187 rationem,
291 1133 370 1196 qnae
391 1120 517 1214 praeter
538 1115 588 1192 ict,
617 1115 699 1196 qnod
720 1114 883 1177 uerborum
905 1113 1077 1194 sipnificctn
1099 1112 1349 1194 comprehensam

95 1207 152 1278 est,
176 1161 293 1281 aliquid
315 1199 428 1262 alind
416 1219 485 1282 apsa
501 1159 744 1304 canf6rmctione
758 1201 908 1264 orationis
924 1199 1088 1297 caprimpt.
1126 1199 1187 1260 His
1202 1199 1348 1260 addamus

88 1285 346 1350 ssPhoebammonis
368 1285 509 1388 verba⁵:)
532 1275 643 1385 σχῆμα
666 1282 755 1350 ἐστο
777 1279 959 1384 ἐξάλλαξις
971 1278 1221 1350 calamitosae
1234 1275 1348 1384 tissa

93 1371 155 1438 ἐπὶ
177 1366 215 1436 r6
239 1376 381 1469 κρεῖττον
404 1365 481 1436 iisse
503 1366 630 1470 τρόπου
652 1369 868 1472 γενομένη
841 1369 901 1438 ἐπὶ
924 1365 1000 1438 ιὸκ
981 1377 1126 1478 κρεῖττον
1137 1369 1277 1478 rippas
1291 1365 1348 1437 616

92 1452 151 1526 τόν
157 1446 396 1564 epipiscopmp·
421 1456 477 1522 καὶ
486 1455 560 1560 peip
583 1449 602 1521 6
627 1451 841 1565 σολοικισμὸς
862 1450 973 1564 τροπή
995 1454 1066 1524 ἐστι
1090 1455 1147 1521 nal
1150 1454 1347 1564 ἐξάλλαξις,

92 1536 206 1610 ἄλλ’
189 1543 248 1609 sut
272 1538 308 1609 τὸ
330 1549 442 1650 χεῖρον.
476 1537 551 1611 ineo
574 1542 610 1609 66
632 1533 759 1651 τρόποι
781 1543 928 1648 rippapa,
956 1538 1074 1652 ἐπειδὴ
1103 1541 1157 1608 καὶ
1183 1568 1201 1608 ο
1223 1563 1348 1628 sponoe

92 1657 151 1698 και
176 1623 197 1714 ἦ
219 1626 361 1715 τροπικὴ
387 1628 474 1711 λέξις
497 1624 710 1712 ἐξαλλοξίς
693 1651 764 1695 sore
787 1628 823 1694 ἐκ
843 1633 904 1716 τῆς
922 1629 1044 1717 κυρίως
1064 1627 1245 1716 λεγομένης.
1280 1630 1347 1710 sig.

86 1729 196 1782 :autem
220 1718 338 1781 dnobus
360 1719 459 1782 modis
483 1720 611 1782 dicitnr:
630 1739 693 1782 ano
711 1719 940 1801 qualiscumque
948 1721 1057 1800 jormc
1070 1719 1248 1794 sententiae,
1270 1717 1348 1778 siout

93 1810 128 1868 in
153 1805 342 1888 corporibus,
364 1804 480 1886 quibas,
502 1824 623 1887 quoquo
646 1806 737 1868 modo
759 1811 830 1872 sant
849 1807 1025 1887 composita,
1047 1805 1151 1887 ntique
1165 1802 1286 1866 liabitas
1305 1809 1348 1864 est

91 1893 207 1974 aliquis
229 1926 269 1937 -
292 1912 351 1972 quc
373 1890 526 1953 intellectu
547 1892 698 1953 communi
719 1890 794 1952 nihil
816 1912 877 1953 non
898 1891 1059 1971 figuratum
1072 1899 1131 1952 est·
1156 1890 1264 1966 altera,
1287 1909 1347 1971 qno

84 1979 221 2063 proprio
243 1978 366 2040 schema
388 1978 542 2052 elicitan'
530 1997 564 2038 cn
585 1998 677 2040 sensa
698 1977 746 2040 cel
768 1997 908 2042 sermone
931 1975 1038 2060 aliqua
1058 1977 1211 2057 oonlpari
1233 1981 1262 2038 et
1275 1977 1347 2038 sim-

81 2066 168 2149 plici
189 2065 288 2146 specie
312 2083 380 2124 cnm
402 2065 523 2126 ratione
545 2067 741 2127 mutatio—
699 2065 864 2146 —ithao
886 2065 920 2126 ici
941 2065 1064 2128 demum
1086 2064 1143 2126 troc
1164 2063 1232 2126 loco
1246 2063 1347 2145 accipi

91 2152 220 2214 schema
243 2149 402 2232 oportebit,
426 2151 508 2232 qnod
529 2151 568 2213 sit
591 2171 611 2212 a
632 2150 764 2232 simplici
785 2153 910 2232 atque
898 2171 931 2212 ιο
945 2151 1202 2234 promptaposito
1226 2149 1347 2212 dicendi

92 2237 188 2299 modo
210 2237 328 2315 poetice
350 2236 398 2301 oei
420 2256 456 2299 οι
458 2237 555 2298 otorce
578 2242 728 2298 mulctam
736 2236 771 2314 ⁶.)

201 2321 301 2401 Opera
324 2331 423 2382 autem
445 2322 607 2401 figurarum
628 2323 840 2385 Fortunatiani
851 2321 875 2404 ἵ)
907 2323 1026 2402 quidem
1049 2322 1196 2384 sententia
1216 2322 1346 2402 quinque

83 2415 181 2472 suut:
203 2414 237 2470 nt
248 2427 373 2487 anpeos,
396 2414 431 2469 nt
442 2409 569 2486 obicias,
587 2415 621 2470 nt
633 2409 749 2490 probas
764 2409 955 2480 esistimeris
977 2415 1011 2471 nt
1021 2411 1193 2491 inparatos,
1209 2414 1243 2470 nt
1255 2428 1346 2472 ornes

93 2494 309 2556 elocutionem.
355 2495 477 2569 Eorum,
499 2515 577 2575 quae
591 2493 690 2578 isius)
713 2495 751 2556 de
772 2494 830 2556 hac
851 2515 883 2556 re
897 2495 978 2573 dicit,
992 2495 1067 2556 haec
1079 2494 1140 2556 fere
1154 2515 1271 2556 summa
1285 2503 1344 2556 est:

91 2580 137 2642 ad
155 2580 360 2660 fatigationem
383 2581 512 2642 directae
533 2590 564 2643 et
583 2590 744 2661 perpetuae
772 2581 913 2647 orationis
935 2589 965 2643 et
985 2580 1140 2646 fastidium
1161 2581 1344 2654 evitandum,

90 2667 273 2729 flectendam
295 2687 362 2728 eam
384 2677 414 2729 et
435 2668 467 2728 in
489 2668 565 2729 alias
587 2668 767 2731 versandam
796 2688 860 2738 esse
881 2666 1000 2742 formas,
1023 2676 1057 2729 ut
1078 2666 1206 2728 iudicem
1228 2667 1344 2730 diverso
1405 2675 1407 2682 ’

89 2751 183 2816 vultu
213 2753 358 2815 deflectat.
409 2753 563 2834 Quintil.⁹)
586 2755 730 2816 rhetorico
760 2775 856 2836 paene
884 2773 965 2816 more
994 2754 1156 2834 figurarum
1185 2753 1345 2814 utilitatem

82 2839 247 2902 describit:
276 2842 331 2902 etsi
358 2842 482 2903 minime
514 2842 634 2903 uidetur
655 2842 815 2924 pertinere
845 2839 1134 2923 adprobationem,
1161 2859 1223 2922 qna
1236 2840 1345 2919 fipare

89 2927 229 3009 quidque
259 2926 411 3006 dicatur,
420 2928 502 3007 facit
530 2935 632 2990 tomen
660 2927 818 2990 credibilia
845 2946 925 3009 qaae
952 2927 1082 2990 dicimos
1114 2933 1142 2989 et
1167 2927 1202 2988 in
1224 2928 1345 2989 animos

88 3013 241 3090 indicum,
265 3031 328 3095 qna
341 3032 404 3076 non
418 3012 607 3088 obseruator,
619 3015 742 3096 inrepit.
765 3033 899 3096 nonaque
913 3020 947 3076 nt
958 3015 992 3074 in
1005 3032 1163 3076 armorum
1179 3014 1345 3077 certamino

89 3100 243 3162 aduersos
270 3101 349 3162 ictas
375 3105 407 3161 ct
435 3105 536 3162 rectos
565 3119 602 3161 oc
631 3100 783 3182 simplices
809 3119 921 3162 manas
947 3119 1016 3164 cum
1038 3101 1142 3164 uidere
1166 3106 1230 3162 tam
1253 3101 1345 3162 etium

90 3205 205 3248 cocere
228 3205 265 3247 oc
282 3187 470 3268 propulsare
486 3187 585 3266 facite
609 3192 662 3261 est,
685 3206 813 3250 auersae
841 3192 996 3270 tectaeque
1025 3187 1127 3249 minus
1148 3193 1220 3250 sunt
1242 3187 1345 3250 obser·

87 3272 218 3346 cabitos,
242 3278 270 3334 et
293 3272 380 3336 alind
402 3274 584 3348 ostendisse,
606 3292 699 3355 qnam
724 3279 831 3356 petas,
854 3275 931 3336 artis
961 3279 1017 3336 est:
1049 3274 1093 3336 sic
1115 3274 1235 3350 oratio,
1265 3293 1344 3355 qnae

82 3365 166 3422 -astn
188 3365 281 3433 caret,
298 3359 438 3442 pondere
461 3359 552 3422 modo
575 3365 604 3422 et
624 3359 748 3441 inpulsu
764 3359 956 3443 proeliatur:
979 3360 1138 3424 simulanti
1151 3360 1345 3440 variantique

88 3447 280 3508 conclusio
302 3445 402 3510 latero
425 3451 515 3528 atque
538 3447 571 3513 in
594 3451 681 3527 torpa
701 3449 861 3510 incarrere
883 3447 977 3512 datar
999 3452 1027 3508 et
1050 3466 1139 3508 armo
1162 3464 1294 3508 auocare
1318 3449 1346 3506 et

87 3532 177 3596 uelat
198 3537 275 3594 nata
288 3531 414 3612 saltere,
437 3533 501 3596 inm
523 3551 596 3594 cero
619 3533 759 3615 adfectus
780 3530 859 3596 aiiii
878 3534 976 3614 inopis
998 3533 1090 3598 ducit
1112 3551 1186 3594 nam
1208 3533 1235 3592 si
1245 3532 1346 3610 frons,

88 3618 186 3696 oculi,
209 3637 320 3680 manns
342 3615 471 3686 mnltma
502 3619 545 3682 acl
566 3625 682 3682 motum
701 3621 876 3684 animorum
897 3619 1018 3696 colent,
1039 3617 1154 3700 quonia
1172 3616 1245 3700 plns
1267 3636 1345 3680 ora-

87 3706 186 3768 tionis
201 3705 297 3787 ipsius
319 3704 418 3767 cattus
442 3706 484 3768 art
505 3706 545 3780 iol,
568 3706 653 3788 qaod
667 3706 787 3786 efficere
802 3706 999 3785 intendimus,
1023 3705 1229 3785 compositus?
1251 3712 1305 3766 etc
1309 3701 1345 3782 10)

78 3793 155 3858 nte
180 3799 281 3852 autem
302 3790 373 3871 ipse,
395 3812 577 3872 quamquam
600 3792 655 3854 has
678 3793 884 3856 exornationes
904 3792 943 3852 de
965 3812 1018 3853 or.
1030 3797 1060 3864 3,
1082 3795 1144 3853 202
1166 3810 1230 3870 sqq.
1251 3789 1347 3852 obiter

85 3887 212 3942 tantum
234 3877 379 3958 percurrit
400 3898 496 3957 neque
517 3879 561 3940 ita
574 3878 733 3941 honorifice
748 3885 890 3944 auctores
913 3883 941 3939 et
955 3878 1130 3940 incentores
1145 3876 1255 3938 taram
1270 3896 1345 3940 sane

86 3963 1117 4050 minutarnmreramib.3‚148commemorat‚tamenidem
1108 3963 1345 4026 morationibus

84 4052 155 4114 suis
177 4051 223 4114 his
246 4049 379 4110 minutiis
401 4059 520 4112 tantum
543 4051 712 4127 tribuit,t
678 4061 712 4114 ut
732 4073 805 4133 prae
826 4052 888 4113 eius
910 4049 946 4152 in
964 4050 1063 4130 hocg.
1077 4049 1244 4130 frequentia
1257 4051 1345 4112 Dem

84 4159 130 4200 ne
154 4146 298 4218 appareat
320 4136 448 4217 quidem.

199 4296 342 4360 ³.)opuscc
370 4294 444 4343 acad.
472 4294 501 4357 1,
532 4296 588 4344 103.
634 4293 654 4360 ⁴)
678 4296 708 4358 9,
730 4299 755 4357 l,
776 4299 799 4344 4.
843 4293 862 4358 Ε)
881 4292 925 4358 Sp.
944 4293 999 4357 III,
1019 4297 1060 4344 44.
1097 4294 1117 4360 ⁸)
1136 4293 1249 4356 Quintil.
1269 4297 1299 4356 9,
1321 4298 1343 4357 1,

90 4369 125 4416 10
147 4380 202 4429 sqq.
240 4365 260 4430 ⁷)
279 4364 313 4413 Η.
336 4367 392 4413 127.
429 4363 454 4428 ⁸)
473 4363 507 4414 H.
526 4365 586 4412 517.
622 4363 642 4427 ⁹)
662 4366 685 4426 9,
707 4368 729 4427 1,
751 4365 781 4413 19
800 4377 856 4428 sqq.
895 4359 924 4429 ¹⁰)
944 4363 977 4413 ct'.
996 4362 1079 4414 eiusd.
1100 4366 1123 4429 9,
1145 4369 1247 4428 1,2et
1265 4362 1343 4414 Alex.

80 4437 137 4501 Sp.
158 4435 206 4498 ΙΙΙ,
228 4435 267 4496 13,
285 4433 384 4486 Phoeb.
405 4437 447 4494 43,
468 4432 498 4482 G.
517 4432 660 4482 Hermann.
680 4434 700 4496 Ι,
722 4435 780 4483 110.
1115 4465 1118 4470 .
