3138 5004
839 397 901 455 100

242 601 301 662 nisi
329 603 361 661 in
387 600 572 662 dubitatione
602 621 648 662 res
677 619 789 680 magna
818 608 848 660 et
878 599 978 679 gravis
1000 598 1111 673 subsit,
1144 599 1231 660 nulla
1259 599 1311 662 via
1331 599 1475 660 orationem

242 689 338 768 magis
359 689 391 749 in
413 687 660 749 declamationem
681 687 802 747 inanem
822 685 932 747 delabi.
963 685 1002 745 In
1016 685 1056 747 V.
1069 691 1099 760 4,
1123 685 1297 765 breperitur
1310 683 1366 746 sed
1381 705 1474 747 eorum

243 771 411 858 artriicem,
435 776 545 856 quem?
569 775 758 855 quemnam?
780 773 838 834 hae
859 772 1044 833 dubitatione
1066 793 1184 833 omnem
1197 792 1295 833 rerum
1310 771 1473 834 Graecarum

243 861 492 940 significationem
514 860 626 923 evitare
648 859 755 933 studet,
777 879 855 938 quae
869 859 954 920 timet
971 858 1096 938 nequid
1112 859 1149 920 de
1163 859 1338 920 auctoritate
1351 859 1474 920 orationis

243 968 315 1009 suae
346 948 493 1027 decerpat
536 947 575 1007 In
596 947 637 1009 V.
661 951 696 1019 3,
730 951 790 1008 166
821 945 987 1007 iuvenitm:
1019 941 1100 1006 Mihi
1129 943 1183 1004 boc
1212 940 1411 1026 perarduum
1441 953 1476 1004 est

243 1030 473 1095 demonstrare.
509 1029 630 1108 Quibus
642 1030 726 1094 enim
739 1029 884 1092 testibus?
919 1027 1130 1095 Publicanisl
1164 1027 1313 1094 Tractati
1324 1027 1476 1110 honorifice

243 1131 341 1181 sunt:
370 1117 526 1180 tacebunt.
572 1117 712 1179 Litteris
754 1120 884 1180 cerunt?
927 1113 1051 1178 decreto
1083 1114 1329 1180 decumanorum
1357 1127 1476 1178 remotae

242 1216 324 1268 sunt.
372 1202 443 1281 Quo
465 1225 512 1267 me
534 1207 634 1290 ipitur
657 1206 796 1267 vertam?
818 1224 887 1264 rem
911 1215 974 1265 tam
997 1201 1174 1282 improbam
1193 1213 1327 1285 propter
1350 1201 1476 1285 inopiam

244 1293 368 1354 testeum
381 1312 418 1353 ac
437 1289 620 1354 litterarum
630 1289 889 1372 praetermittam
903 1292 915 1353 1
938 1298 992 1351 ete.
1023 1289 1086 1352 Hic
1099 1290 1230 1372 plurium
1242 1311 1341 1352 rerum
1354 1299 1479 1354 venustas

243 1379 397 1452 concurrit,
421 1378 624 1453 dubitationis,
647 1377 931 1452 communicationis,
954 1375 1074 1460 ironiae,
1096 1397 1190 1458 eaque
1213 1377 1378 1438 animorum
1399 1385 1476 1438 etex·

243 1465 433 1546 spectationis
456 1465 616 1545 suspensio,
638 1484 716 1544 quae
738 1485 757 1525 a
778 1464 879 1528 Rufin.
903 1465 946 1526 H.
971 1467 1012 1524 46

712 1665 1035 1782 Sustentstlo

243 1887 306 1948 sive
320 1876 471 1969 ὑπομονὴ
493 1885 556 1947 sive
569 1884 756 1965 inopinatum
768 1883 938 1964 appellatur
959 1890 989 1943 et
1011 1881 1053 1942 sie
1064 1867 1254 1942 describiutr:
1278 1875 1350 1939 Hoc
1371 1874 1478 1938 schema

243 1967 417 2054 suspendit
431 1991 568 2046 sensum,
592 1966 707 2032 deinde
731 1969 850 2033 subicit
875 1965 1001 2052 als‘quid
1025 1988 1068 2047 ec,
1091 1977 1206 2026 contra
1228 1963 1476 2047 suspectationem

243 2055 421 2132 auditoris,
453 2057 520 2119 siue
545 2055 652 2120 marus
687 2055 751 2117 siae
784 2057 902 2119 minus.
947 2054 1036 2116 Tales
1067 2062 1166 2115 autem
1196 2052 1304 2114 esitus
1336 2048 1480 2132 inopinati

243 2145 361 2208 miram
384 2163 477 2226 saepe
498 2141 564 2204 cim
586 2141 632 2205 ad
646 2138 883 2205 commonendos
898 2140 1023 2202 animos
1045 2137 1217 2219 lateret).
1251 2138 1356 2218 Atque
1376 2137 1477 2198 infimus

243 2231 329 2311 quasi
349 2231 459 2310 gradius
481 2230 569 2291 huius
591 2231 635 2292 rei
663 2231 695 2290 in
719 2229 799 2290 omni
821 2228 1058 2309 deprehendith
1071 2225 1305 2288 ratiocinatione.
1354 2221 1476 2303 Exempli

243 2338 336 2379 causa
358 2317 463 2378 affero:
486 2317 547 2378 Oia.
569 2316 609 2380 V.
645 2323 672 2391 5,
703 2322 741 2378 11
766 2317 861 2378 etiam
893 2335 979 2376 nune
1006 2310 1090 2376 mibi
1115 2321 1301 2394 suspectare
1331 2305 1476 2382 videmini,

243 2400 328 2486 quid
349 2400 467 2464 deiude
489 2400 616 2475 factum
640 2402 690 2478 sit,
715 2399 804 2484 quod
826 2403 886 2465 iste
909 2397 996 2462 nibil
1016 2421 1168 2482 umquam
1180 2395 1266 2479 fecit
1289 2397 1362 2458 sine
1385 2394 1476 2477 611666

244 2501 392 2572 quaestu.
439 2486 530 2564 Quid
553 2489 588 2550 iu
611 2491 682 2553 eius
710 2511 750 2551 m.
781 2509 816 2549 re
829 2485 915 2570 fieri
927 2487 1060 2570 potuit?
1107 2480 1200 2560 Quod
1222 2480 1414 2546 commodum
1437 2487 1476 2550 tti

244 2587 419 2660 esspeetate
433 2574 568 2656 facinus
599 2597 695 2658 quam
725 2572 819 2638 cultis
841 2571 1041 2656 improbum:
1073 2573 1198 2636 vineam
1229 2581 1338 2632 tamen
1370 2585 1475 2650 exspec-

245 2663 394 2726 tationem
426 2672 484 2727 etc.
504 2672 658 2742 praeterea
687 2660 922 2726 6616116660.
955 2665 993 2721 12
1029 2657 1109 2735 Quis
1144 2659 1179 2720 in
1211 2655 1295 2718 baua
1331 2678 1397 2720 rem
1423 2649 1477 2728 inii

243 2747 386 2811 arbiter?
437 2747 569 2812 Utinam
601 2748 631 2809 is
660 2745 786 2830 quidem
808 2746 930 2810 Romae
959 2743 1062 2808 esset!
1107 2743 1228 2807 Romae
1260 2753 1315 2806 est.
1370 2739 1478 2806 Utinam

245 2831 369 2898 adesset
399 2834 437 2897 in
459 2832 601 2898 iudicio!
645 2831 757 2897 Adest.
810 2831 938 2896 Utinam
971 2829 1094 2895 sederet
1120 2832 1156 2893 in
1189 2827 1328 2894 consilio
1351 2825 1477 2893 Pisonis.

234 2918 320 3002 ,Ipse
344 2919 376 2983 O.
399 2922 438 2988 P.
462 2932 516 2983 est.
561 2921 738 2984 Praeclarus
760 2942 877 3002 quoque
898 2921 987 2982 huius
1008 2942 1036 3000 g.
1058 2920 1140 2982 locus
1163 2927 1208 2980 est
1229 2919 1270 2980 V.
1295 2922 1324 2992 2,
1351 2922 1419 2990 106,
1438 2909 1479 2993 qui

244 3007 333 3069 simul
356 3009 566 3071 subiectionem
589 3019 619 3071 et
640 3008 828 3071 dialecticum
847 3007 953 3081 habea
983 3007 1021 3070 cf.
1045 3007 1086 3071 V.
1116 3011 1152 3079 3,
1178 3010 1238 3068 139
1261 3025 1321 3084 sq.;
1355 3011 1390 3078 1,
1414 3005 1479 3069 141;

244 3099 280 3168 4,
304 3100 344 3158 86
369 3097 450 3172 (cum
471 3095 599 3174 ironia);
624 3101 711 3169 5,69;
734 3096 800 3175 Lig.
829 3101 880 3158 27.
905 3129 945 3140 -
968 3094 1059 3156 Nunc
1082 3093 1121 3155 ad
1150 3113 1216 3153 eam
1237 3091 1286 3172 fig.
1309 3090 1479 3157 accedamus,

246 3201 323 3260 quae
346 3201 365 3241 a
386 3181 497 3244 Comif.
520 3187 549 3256 4,
574 3187 624 3256 29,
648 3185 688 3244 39
866 3201 869 3206 ·

250 3293 256 3322 1

714 3369 1028 3462 Permissio
1112 3424 1114 3430 π

242 3562 421 3625 nominatur.
464 3563 638 3644 Usmpatur
660 3571 759 3623 sutem
788 3583 837 3642 p.,
871 3581 944 3622 cum
968 3556 1166 3622 ostendimus
1193 3558 1228 3620 in
1252 3555 1405 3637 dicendo,
1435 3573 1481 3615 nos

243 3647 388 3732 aliquam
411 3670 478 3712 rem
501 3659 600 3712 tetam¹
623 3645 750 3711 tradere
780 3659 808 3708 et
830 3644 999 3710 concedere
1022 3645 1163 3708 alicuius
1186 3643 1351 3708 uoluntati
1376 3654 1427 3706 aut
1452 3640 1481 3700 de

243 3737 344 3816 aliquo
372 3737 436 3798 iure
469 3745 570 3797 nostro
592 3735 740 3797 decedere.
784 3734 859 3796 Eius
889 3734 1016 3796 eundem
1045 3755 1140 3814 paene
1161 3734 1273 3796 fontem
1303 3751 1367 3794 esse
1395 3733 1482 3792 censet

243 3822 371 3899 Quintil.
397 3829 429 3897 9,
454 3827 487 3897 2,
512 3827 551 3884 25
580 3843 673 3902 quem
691 3821 982 3896 communicationis,
1016 3841 1083 3882 eum
1113 3821 1216 3901 aliqua
1243 3820 1315 3900 ipsis
1345 3815 1481 3879 iudicibus

234 3907 444 3988 ¹relinquamus
468 3908 669 3983 aestimanda,
701 3908 802 3988 aliqua
830 3929 890 3969 non
911 3928 1076 3988 numquam
1108 3906 1286 3971 adversariis
1316 3897 1479 3985 quoquel⁶l

243 3993 357 4056 Graece
379 4016 397 4056 a
418 3994 567 4075 plerisque
589 3989 756 4080 interponi}
778 3994 893 4069 dicitur,
916 4003 951 4056 ut
971 3995 1009 4055 ab
1032 3994 1145 4057 Herod.
1168 3995 1300 4074 sp..111‚
1324 3999 1373 4067 98,
1395 3985 1480 4053 Rutil.

349 4200 379 4266 ⁷⁵)
398 4201 507 4267 Klautg.
529 4204 592 4263 162ς
620 4203 653 4252 el.
672 4203 778 4254 Volkm.
797 4203 873 4254 Rhet.
894 4207 957 4253 424.
978 4204 1078 4254 Monse.
1097 4205 1129 4254 D.
1152 4208 1198 4266 12,
1218 4203 1331 4266 Quintil.
1351 4205 1379 4265 9,
1400 4208 1428 4263 2,
1446 4203 1479 4249 22.

243 4271 274 4334 ¹⁰)
294 4270 327 4320 of.
348 4270 426 4319 Gerb.
446 4271 492 4336 II„
513 4273 560 4334 94,
578 4272 683 4322 Volkm.
703 4272 778 4324 Rhet.
797 4277 862 4338 424,
881 4273 982 4324 Mouse.
1000 4274 1032 4323 D.
1055 4278 1085 4324 12
1105 4289 1160 4338 sq..
1187 4273 1255 4324 idem
1275 4275 1327 4324 lere
1345 4274 1415 4338 quod
1431 4285 1480 4337 per·

241 4339 333 4457 grissia
354 4339 467 4458 ⁷{odicis
500 4341 590 4393 Eckst.
616 4343 651 4394 H.
677 4345 711 4390 74
734 4339 892 4415 συγχώρησις
915 4343 958 4393 vel
984 4343 1118 4394 concessio
1144 4343 1197 4394 sibi
1220 4343 1430 4403 vellavidetum
1452 4337 1479 4392 cf.

268 4424 332 4458 ross.
389 4445 395 4461 .
