3136 5004
725 383 855 442 33·

640 468 847 476 ————-.

107 590 243 662 cainum
276 589 340 651 har.
373 609 395 650 r.
426 593 466 650 43
492 588 657 670 popularis
689 607 777 650 nura.
829 589 866 648 In
893 589 991 651 verbis
1022 598 1122 650 autem
1151 589 1304 651 translatis
1334 611 1371 651 ea

108 675 255 755 exempla
283 685 353 736 sunt
382 675 574 748 creberrima,
608 695 733 754 quorum
760 675 965 736 translationis
993 675 1069 736 ratio
1099 697 1137 736 ex
1163 676 1277 738 obiecto
1306 697 1370 756 per-

109 762 247 842 spicitur,
270 762 440 841 saepissime
463 762 552 822 etiam
575 761 614 821 ad
637 761 801 822 subiectum
830 770 860 823 et
882 762 1055 824 adverbiale
1077 762 1200 824 verbum
1223 762 1368 824 translate

109 849 244 928 ponitur,
266 869 321 909 nec
342 868 410 908 raro
432 869 519 926 porro
539 847 581 921 fit,
603 856 638 907 ut
659 847 783 909 verbum
806 868 873 908 cum
895 868 929 908 eo
945 848 1068 923 obiecto,
1091 848 1169 928 quod
1182 869 1236 928 per
1249 870 1369 910 accusa·

111 936 214 996 tivum
236 935 368 1008 efiertur,
399 933 487 994 talem
511 935 657 995 rationem
679 933 851 996 habeatad
874 934 1023 995 obiectum
1044 955 1098 1014 per
1119 935 1255 996 dativum
1277 956 1368 996 enun-

111 1022 232 1082 tiatum.
277 1021 428 1083 Adiectivi
458 1029 557 1081 autem
589 1019 792 1080 translationis
821 1021 897 1081 ratio
923 1029 1033 1082 natura
1062 1021 1119 1082 fert
1139 1030 1174 1082 ιιι
1195 1021 1368 1100 plemmque

112 1129 154 1168 ex
178 1107 365 1169 substantivo
395 1127 449 1168 suo
471 1116 627 1180 nascatur,
656 1107 720 1168 sive
746 1107 779 1166 in
809 1107 945 1168 attributi
975 1107 1038 1169 sive
1063 1107 1095 1167 in
1117 1108 1281 1187 praedicati
1302 1107 1368 1169 loco

111 1204 270 1267 versatur,
302 1215 362 1254 non
389 1213 553 1272 numquam
579 1201 683 1253 tamen
715 1193 777 1253 eius
803 1193 879 1255 haec
906 1193 952 1255 vis
975 1194 1065 1254 etiam
1087 1194 1126 1254 ad
1148 1193 1297 1254 obiectum
1319 1193 1368 1256 vel

111 1280 289 1342 adverbiale
310 1280 445 1359 pertinet.
479 1280 585 1359 Neque
606 1288 707 1340 tamen
729 1299 844 1358 semper
865 1280 995 1358 quaesit
1017 1280 1209 1360 metaphorae
1231 1281 1308 1341 ratio
1331 1300 1368 1340 ex

111 1367 214 1428 verbis
236 1367 340 1428 vicinis
363 1366 494 1427 eiusdem
516 1365 679 1427 sententiae
701 1374 833 1444 apparet,
856 1366 907 1426 sed
929 1386 1018 1445 saepe
1039 1366 1071 1426 id
1092 1386 1130 1426 ex
1144 1375 1207 1427 toto
1226 1366 1368 1428 orationis

111 1454 203 1533 quasi
225 1461 365 1514 contextu
387 1452 435 1516 vel
458 1474 495 1513 ex
517 1453 567 1526 eis,
589 1472 666 1532 quae
688 1452 876 1530 praecedunt,
898 1452 1083 1532 intelligitur,
1106 1461 1140 1513 ut
1153 1453 1228 1514 Sest.
1255 1459 1293 1515 15
1318 1455 1366 1514 in·

114 1546 217 1601 tentus
241 1546 284 1601 cst
307 1558 399 1600 arcus
421 1541 454 1600 ιἰι
476 1559 524 1600 mc
547 1547 600 1600 etc.

221 1627 374 1686 Postremo
403 1626 435 1686 id
464 1645 581 1705 quoque
611 1633 715 1685 notum
744 1645 807 1686 esse
836 1633 925 1704 puto,
955 1645 1043 1705 saepe
1072 1625 1103 1685 in
1125 1647 1185 1686 uno
1208 1626 1375 1704 eodemque·

113 1712 208 1774 verbo
237 1713 312 1773 duas
335 1712 539 1772 translationis
565 1711 695 1772 rationes
717 1718 905 1784 concurrere;
937 1712 1110 1772 creberrime
1131 1712 1222 1791 igitur
1243 1712 1368 1775 verbum

40 1819 51 1833 ³
113 1799 205 1860 simul
234 1807 264 1860 et
292 1799 406 1860 obiecto
437 1808 468 1858 et
498 1797 663 1860 adverbiali
690 1796 836 1858 translate
867 1798 1053 1877 adiungitur,
1083 1807 1117 1859 ut
1138 1798 1216 1860 Mur.
1241 1802 1282 1861 30
1305 1801 1368 1860 ista

112 1885 204 1948 nobis
227 1886 329 1946 studia
353 1885 390 1946 da
413 1885 554 1945 rnonibas
578 1885 791 1964 excutientem
814 1905 902 1964 saepe
924 1885 1008 1948 verbi
1023 1885 1111 1945 simul
1127 1885 1282 1946 intercedit
1292 1885 1369 1946 ratio

112 1971 320 2033 translationis
343 1992 411 2033 cum
435 1971 566 2032 subiecto
589 1979 619 2031 et
641 1971 763 2044 obiecto,
785 1979 820 2031 ut
841 1971 920 2032 dom.
941 1975 981 2034 32
1005 1978 1107 2034 oestro
1129 1973 1162 2032 ιἰι
1185 1991 1232 2032 mc
1256 1977 1369 2034 attente

114 2058 271 2120 audiendo
303 2057 514 2138 benipnitas
540 2059 717 2139 prouexit
746 2059 952 2119 orationem
982 2077 1092 2120 ιιιιιιιιι.
1137 2057 1366 2120 substantivum

113 2165 233 2224 quoque
262 2165 321 2204 non
342 2165 507 2223 numquam
536 2143 624 2204 simul
655 2153 684 2204 et
713 2144 752 2204 ad
779 2144 945 2206 subiectum
976 2153 1005 2205 et
1028 2144 1066 2205 ad
1088 2145 1259 2224 genetivum
1281 2165 1368 2206 suum

114 2231 242 2291 eandem
263 2230 355 2291 habet
371 2231 441 2304 vim,
464 2240 499 2290 ut
519 2230 598 2292 Mur.
622 2235 662 2293 33
682 2227 907 2308 Cyzicenorum
931 2267 968 2276 -
994 2230 1100 2292 urbem
1123 2231 1218 2292 Asiae
1240 2232 1368 2292 ianuam

108 2319 195 2397 jore,
218 2315 267 2378 vel
290 2317 434 2396 appositio
456 2326 486 2378 et
513 2317 552 2378 ad
574 2316 796 2379 substantivum
818 2337 919 2392 suum,
950 2317 998 2378 oui
1027 2326 1072 2378 est
1094 2318 1253 2391 attributa,
1277 2318 1367 2378 etad

113 2402 295 2482 genetivum,
317 2403 368 2482 qui
389 2424 427 2464 ex
447 2404 514 2482 ipsa
535 2403 651 2482 pendet,
673 2402 818 2464 translate
833 2403 964 2478 refertur,
987 2413 1021 2464 ut
1042 2402 1130 2466 Balb.
1156 2408 1197 2466 34
1223 2404 1283 2465 duo
1299 2403 1367 2483 sui-

114 2490 199 2550 ntino
229 2491 326 2552 nostri
355 2491 494 2572 imperii,
532 2488 588 2552 Gn.
620 2496 648 2552 et
670 2489 704 2551 P.
732 2487 898 2570 Scipiones.
943 2489 1047 2564 Adde,
1078 2490 1157 2570 quod
1187 2489 1366 2551 adiectivum

113 2596 230 2655 quoque
252 2575 400 2636 interdum
422 2576 511 2638 simul
542 2576 633 2637 etad
655 2576 877 2638 substantivum
900 2596 987 2636 suum
1009 2584 1040 2637 et
1061 2576 1100 2636 ad
1123 2575 1295 2638 adverbiale
1317 2574 1367 2637 vel
1403 2591 1406 2596 ’

114 2662 274 2736 obiectum,
303 2663 382 2742 quod
413 2683 451 2724 ex
472 2663 537 2742 ipso
559 2663 683 2742 pendet,
714 2661 860 2724 translate
891 2662 1062 2736 adhibetur,
1084 2672 1119 2723 ut
1139 2662 1179 2724 V.
1203 2667 1232 2736 4,
1258 2667 1314 2735 38;
1338 2667 1367 2735 Ιι,

117 2753 175 2810 121
200 2758 254 2810 etc.
299 2749 359 2810 Sed
381 2749 456 2810 haec
477 2749 629 2811 hactenus.

221 2836 311 2897 Nunc
333 2836 373 2896 ad
394 2836 461 2915 ipsa
481 2835 629 2897 Ciceronis
652 2844 681 2897 et
702 2836 789 2897 Dem.
812 2835 900 2896 huius
922 2835 1000 2915 tropi
1022 2835 1161 2916 exempla
1183 2836 1367 2898 recensenda

115 2922 332 3001 aggrediamur;
360 2942 421 3002 qua
442 2922 474 2982 in
495 2942 527 2983 re
549 2923 621 3002 quia
642 2922 819 2983 rhetoricam
841 2930 959 2983 tantum
982 2923 1128 2984 rationem
1155 2922 1367 3002 explicandam

116 3009 235 3088 suscepi,
258 3029 294 3069 ea
316 3009 374 3070 huc
396 3009 545 3088 recipiam,
568 3030 645 3088 quae
666 3009 792 3070 orationi
813 3009 956 3069 maiorem
978 3009 1128 3088 quendam
1146 3018 1283 3071 omatum
1299 3030 1367 3070 con-

115 3094 224 3156 cihant.
268 3095 374 3174 Neque
402 3104 503 3156 tamen
532 3095 591 3156 huc
620 3116 657 3156 ea
683 3095 779 3155 solum
809 3095 955 3175 pertinere
984 3104 1075 3174 puto,
1108 3117 1185 3175 quae
1206 3097 1238 3156 in
1259 3095 1367 3175 pictius

114 3180 265 3260 quoddam
288 3190 318 3242 et
338 3181 471 3243 floridius
494 3181 611 3243 dicendi
632 3202 725 3261 genus
738 3181 843 3242 cadere
854 3181 1001 3256 videntur,
1025 3182 1077 3242 sed
1091 3203 1126 3243 ea
1141 3203 1266 3261 quoque,
1290 3203 1367 3261 quae

115 3267 219 3328 adres
242 3268 338 3329 acrius
358 3276 388 3328 et
409 3267 611 3330 vehementius
634 3267 769 3330 sensibus
790 3268 989 3329 subiiciendas
1016 3277 1214 3331 assumuntur
1250 3269 1366 3329 Verum

115 3354 139 3414 si
160 3353 350 3415 Homerus
342 3375 373 3414 m
403 3355 531 3416 dictione
557 3347 657 3416 illa'
641 3347 699 3436 α’γε
729 3351 866 3454 pinasca
898 3355 961 3417 vim
987 3349 1116 3417 verbi
1101 3348 1188 3439 or'yecv
1218 3375 1278 3415 non
1305 3355 1366 3414 iam

117 3441 249 3514 attendit,
228 3441 297 3501 tsi
319 3439 566 3521 Hermogenis90)
596 3441 744 3502 sententia
772 3433 810 3506 τὸ
818 3445 1005 3540 κατοιρρεῖι
1034 3441 1071 3502 de
1092 3440 1215 3502 fioribus
1237 3450 1267 3500 et
1288 3439 1367 3500 fron-

115 3526 229 3630 dibus
220 3543 282 3587 lam
304 3527 428 3590 verbum
450 3529 611 3631 proprium
624 3537 669 3588 est
693 3525 764 3610 (ἐπὶ
787 3520 848 3632 γὰρ
871 3527 937 3590 cciv
960 3518 1092 3591 citatas
1114 3527 1179 3590 τιῦι
1202 3547 1366 3608 μαραινο-

116 3611 219 3688 ιιὲιιιιι
250 3610 288 3676 cd
312 3618 483 3715 καταρρεῖν
514 3609 631 3694 σχεδὸν
653 3611 775 3695 κυρίως
800 3611 953 3699 λέγεται),
985 3614 1010 3674 si
1034 3622 1133 3674 autem
1155 3632 1256 3672 rursus
1278 3613 1366 3673 Dem.

116 3709 184 3760 tam.
206 3699 332 3779 diligens
355 3703 452 3762 estin
473 3701 677 3763 translationis
700 3701 815 3762 ratione
837 3699 993 3773 servanda,
1015 3719 1076 3760 non
1098 3699 1186 3760 facile
1200 3707 1245 3759 est
1259 3698 1368 3778 eligere

115 3806 163 3846 eas
185 3786 410 3862 translationes,
440 3788 472 3847 in
503 3788 611 3868 quibus
634 3809 700 3849 eam
722 3788 784 3850 vim
807 3787 905 3848 adhuc
927 3787 1026 3865 vigere
1048 3785 1141 3847 atrei
1162 3785 1367 3846 vehementius

114 3871 328 3934 illuminandae
357 3894 449 3935 causa
478 3875 644 3936 adhibitam
674 3895 738 3935 esse
767 3871 999 3934 existimandum
1029 3871 1074 3934 sit.
1119 3871 1224 3950 Neque
1257 3893 1311 3952 ego
1333 3872 1365 3932 in

115 3959 169 4020 hac
191 3959 305 4020 ratione
328 3968 420 4021 certos
443 3961 588 4039 quosdam
610 3961 751 4021 terminos
774 3968 903 4021 statuere
925 3958 1063 4032 conabor,
1086 3958 1138 4038 sed
1160 3959 1232 4019 satis
1247 3958 1367 4020 habebo

117 4045 272 4121 ostendere,
295 4066 383 4126 quem
407 4047 589 4108 admodum
611 4046 815 4109 translationis
839 4045 885 4108 vis
908 4065 927 4105 a
949 4065 1066 4105 summa
1088 4044 1278 4124 simplicitate
1292 4065 1366 4125 pau-

115 4131 197 4192 latim
226 4153 279 4212 per
306 4131 405 4195 varios
436 4133 547 4212 gradus
584 4133 622 4194 ad
651 4133 815 4194 maximam
850 4131 1007 4192 audaciam
1041 4131 1212 4194 ascenderit.
1262 4131 1367 4209 Atque

218 4338 295 4420 ⁹⁰)n.
316 4335 346 4389 ih
345 4355 406 4424 ap.
427 4339 470 4405 Sp.
490 4341 524 4403 ΙΙ,
546 4341 610 4402 368;
629 4340 727 4392 citatur
745 4342 822 4392 Dem
843 4343 877 4406 ΙΙ,
898 4339 1153 4398 resuscitasti<
1172 4335 1304 4425 piscinae
1322 4335 1364 4391 καὶ

118 4402 317 4479 βραχύνχρὸνοιι
337 4405 442 4479 ἀντέχει,
461 4404 502 4460 καὶ
522 4405 617 4480 σφόδρα
602 4427 663 4480 αιε
652 4406 840 4483 ἤνθησεν,
859 4429 894 4480 τῳ
914 4406 998 4483 χρόνῳ
1020 4408 1046 4462 δὲ
1036 4407 1189 4484 saepiaris&
1209 4416 1364 4483 καταρρεῖ.
