3138 5004
842 418 883 476 64

235 622 310 683 haec
331 622 540 684 Ciceroniana:
567 622 656 687 Rosc.
679 621 710 682 Α
733 626 751 684 6
781 619 940 682 1166661111
963 639 1001 682 66
1024 621 1127 682 661166
1150 620 1345 702 scrupulum,
1375 621 1429 702 qui
1451 641 1487 684 se

237 708 302 771 dies
332 715 494 791 noctesque
525 707 661 771 stimulat
687 726 724 768 oc
743 709 869 789 pumpil,
898 703 1106 786 61666116116,
1131 707 1401 789 96616161161111.
1426 713 1488 781 60;

236 795 352 857 Cluent
377 800 433 867 76;
457 795 521 856 har.
542 817 566 856 r.
591 794 689 867 1131.
713 815 739 856 a.
763 794 821 868 ΙΠ,
846 791 888 878 6),
909 792 977 872 Lig.
1003 798 1042 855 10
1066 799 1093 854 16
1117 795 1200 854 66611
1214 793 1262 875 (61.-
1277 793 1333 856 Ρ11.
1348 794 1390 868 H,
1415 794 1487 876 42),

237 881 292 942 Ph.
316 882 391 955 XII,
415 886 434 944 3
454 882 706 964 praestrinxerat
728 881 826 942 aciem
849 877 1005 941 6611611).
1029 877 1123 941 Bruti
1145 879 1229 941 salus
1251 879 1377 959 (oillei.
1400 881 1425 954 I,
1449 887 1488 954 43

235 967 344 1029 Caecil.
367 969 428 1047 46),
457 968 562 1034 Plano.
586 973 626 1031 66
648 967 729 1029 66661
747 966 856 1048 populi
878 964 915 1031 ll.
940 985 1032 1027 aures
1055 965 1229 1041 hebetiores,
1253 967 1357 1029 oculas
1381 973 1486 1028 aulem

237 1073 301 1116 6666
332 1073 419 1116 acres
448 1060 537 1136 alque
572 1058 693 1128 666166,
723 1052 806 1114 Cael.
831 1057 870 1114 12
899 1052 1069 1114 industriae
1099 1053 1213 1114 stimuli
1235 1052 1282 1132 (cf.
1304 1053 1397 1116 Aroh.
1424 1055 1487 1132 29),

236 1140 276 1202 V.
301 1145 329 1214 1,
354 1145 395 1203 20
413 1160 497 1223 spem
516 1141 731 1223 praeciderem
752 1147 806 1204 eto.
823 1159 906 1220 prov.
917 1160 941 1199 c.
953 1143 994 1201 43
1020 1144 1137 1220 tempus
1152 1159 1192 1201 eu
1206 1140 1309 1200 661166
1333 1140 1486 1201 66616616.

238 1227 297 1289 Sed
327 1226 401 1288 haec
430 1228 490 1288 iam
521 1226 745 1288 similitudinem
776 1245 877 1286 earum
899 1225 1128 1286 translationum
1152 1225 1319 1304 attingunt,
1350 1246 1428 1305 quae
1449 1227 1487 1287 de

235 1334 268 1374 re
289 1313 400 1375 rustica
417 1323 447 1375 et
458 1314 639 1394 agricultura
649 1320 769 1392 sumpta
782 1320 859 1385 sunt,
882 1332 956 1390 quas
968 1332 1047 1372 nunc
1058 1311 1186 1374 breviter
1204 1312 1391 1391 expositurus
1407 1334 1483 1375 sum.

339 1400 376 1460 In
399 1401 569 1462 universum
593 1399 707 1460 dehoc
728 1421 755 1478 g.
777 1397 1030 1478 praemonendum
1051 1398 1176 1471 videtur,
1199 1400 1352 1461 Romanos
1372 1399 1486 1459 talibus

236 1485 325 1549 valde
346 1486 506 1548 delectatos
529 1507 599 1560 esse,
622 1486 732 1566 quippe
745 1484 796 1564 qui
810 1485 983 1564 praesertim
998 1484 1162 1563 antiquiore
1181 1493 1278 1546 aetate
1292 1484 1488 1564 agricolandi

236 1572 366 1633 studium
389 1594 504 1634 summo
526 1572 556 1633 in
578 1573 689 1633 honore
710 1571 876 1632 habuerint.
920 1571 982 1636 Cic.
1005 1570 1096 1631 habet
1117 1570 1155 1632 de
1177 1591 1216 1633 or.
1230 1577 1257 1644 2,
1282 1577 1341 1634 131
1358 1571 1486 1634 subacto

236 1661 358 1740 16961116
382 1679 458 1742 opus
481 1665 534 1736 est,
557 1668 587 1720 et
608 1667 684 1738 part.
710 1664 751 1722 80
774 1664 843 1719 6661
865 1658 992 1739 quidam
1014 1658 1110 1718 661161
1132 1657 1252 1719 babitus
1280 1659 1321 1720 ad
1343 1659 1485 1720 uirtutem

236 1745 327 1828 quasi
354 1746 507 1827 praeculti
539 1751 567 1806 el
596 1747 786 1827 praeparati.
830 1744 890 1804 Sed
911 1753 945 1804 ut
967 1743 1099 1804 ordinem
1121 1743 1281 1824 abruptum
1308 1753 1488 1826 repetamus,

238 1832 279 1895 ib.
294 1837 333 1894 15
346 1831 511 1896 invenitur:
534 1832 731 1893 narrationes
746 1829 963 1914 amputandae,
986 1849 1065 1911 quae
1081 1830 1216 1910 laedunt,
1239 1831 1278 1892 ib.
1291 1836 1333 1892 44
1346 1833 1486 1894 accidere
1548 1892 1549 1902 ,

237 1919 507 2002 oportetsinpula:
530 1919 574 1980 sic
596 1919 741 1980 uniuersa
756 1918 952 1998 franpenlur,
976 1917 1052 1982 Hor.
1065 1917 1101 1978 de
1117 1925 1171 1978 art.
1182 1939 1210 1997 p.
1227 1922 1306 1979 447:
1323 1919 1486 1980 ambitiosa

235 2005 366 2078 recidet,
389 2026 479 2066 carm.
503 2010 530 2079 3,
555 2009 611 2079 24,
635 2009 676 2066 34
699 2005 725 2064 61
747 2023 809 2066 666
831 2003 980 2085 supplicio
1004 2004 1095 2086 culpa
1116 2004 1278 2085 reciditur,
1309 2005 1384 2087 quid
1407 2005 1488 2085 16966

236 2091 301 2153 sine
324 2091 461 2153 moribus
482 2111 582 2154 66666
600 2090 787 2174 proficiunt?
809 2090 870 2152 Cic.
893 2089 932 2152 V.
946 2094 974 2163 3,
989 2095 1067 2154 208:
1090 2090 1320 2153 uultisislorum
1336 2092 1487 2153 audacias

238 2182 266 2240 61
290 2177 430 2239 libidines
453 2176 559 2260 aliqua
582 2183 731 2259 exparte
754 2196 914 2256 resecare,
938 2175 1019 2240 Cael.
1034 2182 1074 2240 76
1098 2177 1199 2238 studia
1221 2179 1254 2238 in
1276 2175 1489 2240 adolescentia

236 2269 392 2346 tamquam
424 2265 458 2325 iu
491 2263 590 2325 barbis
620 2263 813 2344 sipnisicant,
851 2283 929 2345 quae
959 2264 1079 2325 uirtutis
1109 2265 1272 2325 maturitas
1300 2269 1328 2326 et
1351 2269 1486 2346 quantae

228 2352 340 2432 frnyes
362 2349 532 2412 industriae
555 2351 615 2412 6161
629 2351 760 2431 futurae
783 2386 825 2396 —
849 2349 1039 2432 amputanda
1057 2349 1153 2433 plura
1175 2357 1244 2412 6661
1266 2351 1312 2411 1111
1333 2353 1441 2428 661611,
1464 2353 1489 2412 61

235 2437 358 2520 quidem
381 2437 542 2517 efflorescit
563 2437 678 2515 1696611
700 2436 851 2515 laudibus,
875 2456 967 2518 quam
990 2436 1169 2510 inserenda;
1196 2437 1315 2498 omnino
1337 2438 1423 2499 haec.
1446 2459 1487 2499 or.

234 2522 379 2586 Caeliana
407 2525 498 2605 plena
527 2532 571 2586 661
599 2522 830 2584 translationum
863 2544 901 2584 ex
928 2522 985 2584 hoc
1014 2522 1096 2584 fonte
1128 2523 1320 2596 haustarnm;
1351 2524 1433 2586 idem
1455 2525 1487 2584 in

233 2632 316 2692 prov.
335 2632 359 2672 c.
383 2616 424 2673 34
446 2610 554 2672 habet:
584 2609 741 2692 impolitae
767 2629 818 2671 res
849 2615 876 2671 el
900 2609 1029 2670 acerbae
1052 2610 1079 2670 61
1102 2615 1190 2672 61661
1211 2610 1351 2685 16116166,
1375 2632 1488 2693 quam-

235 2717 328 2779 quam
350 2703 420 2760 6661
442 2699 578 2775 6661666,
610 2703 712 2758 161666
741 2696 866 2775 efferent
897 2714 928 2756 66
959 2695 1125 2778 aliquanda
1157 2703 1185 2758 el
1207 2697 1249 2763 ad
1270 2697 1488 2759 renouandum

236 2783 346 2845 bellum
375 2784 560 2846 revirescent
587 2782 635 2863 (61
666 2782 730 2846 har.
754 2803 777 2842 r.
800 2784 868 2862 48);
898 2781 1038 2845 861164
1070 2782 1144 2861 16916
1176 2782 1374 2844 acerbitatem
1406 2785 1485 2845 miti-

232 2869 369 2950 pandam
390 2872 509 2951 putauit
530 2879 585 2932 616.
612 2904 649 2912 -
673 2869 711 2929 In
732 2868 840 2930 Aesch.
863 2868 961 2929 Prom.
985 2873 1046 2932 365
1078 2868 1201 2948 legitur:
1233 2866 1380 2950 ῥίζαισιν
1399 2867 1489 2934 Alu-

235 2952 347 3028 161616
368 2949 443 3032 bno,
465 2957 526 3018 Cic.
547 2956 603 3018 Ph.
617 2955 674 3029 IV,
699 2960 738 3018 13
761 2957 858 3017 611166
881 2961 924 3016 661
945 2974 1009 3016 666
1022 2955 1176 3016 altissimis
1196 2955 1298 3028 1161166
1310 2942 1488 3036 radicibus,

235 3041 317 3105 Cael.
344 3047 384 3103 14
407 3042 555 3105 Catilinae
577 3042 748 3103 immanitas
775 3041 954 3122 quibusdam
984 3041 1136 3103 facilitatis
1167 3051 1197 3103 et
1222 3043 1384 3122 patientiae
1407 3045 1489 3104 radi·

235 3126 319 3189 cibus
348 3128 421 3190 nixa
450 3150 512 3191 esse
538 3128 662 3200 dicitur;
692 3128 729 3194 61.
752 3129 829 3190 dom.
854 3132 909 3200 343
944 3128 964 3188 1.
987 3149 1013 3189 6.
1035 3128 1076 3202 H,
1101 3134 1141 3192 66
1150 3150 1157 3201 ;
1187 3128 1253 3191 Mil.
1278 3135 1327 3193 68.
1382 3130 1493 3191 Etiam

234 3214 310 3275 haec
338 3215 370 3275 in
402 3215 506 3277 cadem
533 3223 691 3278 versantur
720 3215 912 3293 cogitatione:
935 3214 975 3276 V.
1001 3219 1029 3288 5,
1054 3220 1114 3278 139
1140 3234 1234 3277 causa
1255 3217 1364 3277 166616
1387 3253 1431 3261 -
1455 3219 1490 3278 16

236 3303 339 3363 alcima
362 3321 512 3384 sensuque
535 3302 634 3378 affluo
656 3306 747 3383 alque
769 3302 911 3374 166116,
934 3300 1050 3361 Oluent.
1074 3306 1094 3362 4
1118 3301 1287 3363 eoellam
1311 3322 1350 3364 66
1374 3305 1493 3364 animis

235 3387 411 3470 opinionem
442 3395 504 3449 lam
527 3389 651 3470 penitus
680 3388 821 3461 16611661,
852 3393 914 3449 1616
941 3393 1091 3448 66166166
1114 3387 1162 3470 (61.
1187 3387 1260 3450 Sull.
1285 3393 1341 3461 83;
1371 3388 1439 3453 har.
1463 3412 1491 3455 r.

236 3477 385 3556 66616),
414 3475 502 3541 1666.
527 3481 560 3548 3,
590 3480 629 3537 13
662 3473 972 3535 66666166161666
995 3479 1155 3556 amputare
1185 3475 1399 3550 miseriarum,
1435 3478 1492 3539 sed

236 3580 340 3623 omnes
362 3563 504 3623 radicum
517 3562 619 3640 fibras
641 3561 778 3623 euellere.
825 3560 1080 3622 Commemoratur
1095 3581 1183 3640 porro
1203 3583 1232 3641 p.
1246 3583 1269 3621 r.
1282 3567 1337 3625 s.1
1361 3561 1490 3624 ubertas

234 3647 358 3727 1696611,
381 3649 420 3711 V.
445 3654 473 3722 2,
497 3653 538 3711 30
560 3653 704 3730 quaestus
726 3646 850 3726 uberes,
882 3647 957 3708 Hor.
980 3668 1070 3710 carm.
1096 3652 1123 3722 3,
1149 3653 1177 3722 6,
1202 3654 1240 3710 17
1257 3649 1399 3728 secunda
1423 3650 1488 3711 cul-

230 3754 293 3816 pae
314 3735 448 3810 6666616,
472 3735 532 3796 Oia.
548 3734 611 3802 har.
623 3756 647 3799 r.
660 3738 701 3795 42
725 3742 865 3813 quaestus
887 3733 1030 3794 fecundus
1052 3734 1190 3814 uberque,
1213 3735 1313 3796 Flacc.
1330 3741 1370 3799 81
1385 3737 1488 3815 opima

235 3821 384 3883 accusatio
414 3820 462 3904 (cf.
485 3822 572 3883 Rosc.
593 3821 633 3883 A.
657 3827 692 3894 8;
719 3820 812 3882 Arch.
837 3822 906 3898 26),
939 3819 1023 3886 Cael.
1048 3825 1088 3884 39
1110 3821 1213 3882 robur.
1230 3822 1340 3896 animi,
1370 3822 1488 3883 indoles

233 3907 364 3980 virtutis3
395 3907 431 3978 61.
453 3908 509 3969 Ph.
531 3908 581 3982 X,
606 3913 662 3980 16;
693 3907 742 3981 Il,
766 3912 824 3979 63;
854 3907 905 3980 V,
940 3911 998 3980 31;
1028 3907 1144 3970 61061.
1169 3907 1234 3982 III,
1266 3911 1487 3971 2616666116

234 3999 336 4055 666116
359 4014 407 4056 166
425 4001 550 4057 6661166
572 3994 702 4070 alentur,
726 3994 915 4055 sermonibus
927 3999 1072 4071 crescent,
1094 3994 1266 4056 litterarum
1281 3995 1488 4056 monumentis

234 4081 455 4142 inveterascent
479 4087 506 4142 et
529 4080 819 4143 corroborabuntur.
865 4081 903 4141 In
924 4079 1068 4154 Ph.XH,
1093 4086 1132 4144 13
1156 4080 1264 4141 dicitur
1286 4078 1397 4166 bellum
1409 4101 1485 4163 pro-

232 4185 371 4249 9169616,
397 4167 448 4228 sed
470 4168 526 4228 hoo
547 4168 671 4230 verbum
693 4167 754 4227 iam
776 4187 871 4246 paene
886 4187 1003 4227 omnem
1017 4167 1105 4228 huius
1121 4167 1198 4246 tropi
1213 4167 1339 4228 colorem
1352 4167 1486 4229 amisisse

238 4253 433 4316 videtur.·-
445 4249 579 4314 Maxime
600 4275 670 4315 vero
692 4253 850 4316 verborum
872 4253 996 4314 florendi
1017 4273 1087 4314 usus
1110 4262 1289 4333 pervagatus
1311 4261 1372 4326 est;
1394 4255 1486 4315 etiam

236 4339 316 4419 apud
337 4339 467 4401 Graecos
490 4340 708 4419 tragoediarum
731 4340 885 4419 scriptores
907 4361 1002 4420 paene
1023 4338 1253 4400 innumerabilia
1275 4339 1413 4418 exempla
1436 4339 1485 4401 de-

233 4426 452 4505 prehenduntr;
476 4447 600 4506 quorum
624 4427 726 4506 aliqua
748 4427 926 4488 suavissima
947 4426 995 4488 hic
1016 4447 1124 4506 ponere
1137 4425 1224 4486 libet:
1246 4425 1355 4490 Aesch.
1376 4427 1484 4506 Suppl.

1152 4609 1447 4856 ‘x

1392 4898 1420 4984 ,Ἰ
1448 4857 1495 4945 χ’
